5192 7366
312 301 1014 363 „Hakenkreuzbanner“
3940 277 4673 349 Montag, 1. September 1941
385 446 1286 560 Ergebniſſe des Sonntags
477 584 1194 635 3. Tſchammerpokal⸗Schlußrunde
308 647 547 704 In Eſſen:
353 711 1364 764 Schwarz⸗Weiß Eſſen — Schalke 04 1:5
668 792 994 847 Auswahlſpiele
307 837 559 886 In Paris:
354 889 1355 941 Paris — Dresden (Wehrmacht) 1:2
307 958 581 1005 In Stettin:
349 1006 1359 1059 Stettin — Poſen 5:3
608 1098 1053 1153 Süddeutſche Spiele
305 1167 733 1219 Meiſterſchaftsſpiele
349 1238 1355 1291 SV Waldhof — VfTuR Feudenheim 3:3
346 1289 1355 1336 VfR Heilbronn — Stuttgarter Kickers 3:4
348 1334 1356 1382 1860 München — RSG Weiden 11:1
349 1382 1357 1428 Schwab. Augsburg — Bayern München 0:2
350 1427 1361 1476 VfR Mannheim — TSG Plankſtadt 1:3
348 1475 1357 1522 VfL Neckarau — SV Sandhofen 2:2
347 1521 1358 1570 Stuttgarter SC — VfB Friedrichshafen 2:2
350 1568 1357 1615 Wacker München — Schweinfurt 05 1:4
349 1613 1360 1663 Neumeyer Nürnberg — BC Augsburg 2:3
348 1661 1358 1707 VfB Stuttgart — SV Feuerbach 2:0
347 1707 1357 1755 Eintr. Franken N'berg — 1. FC N'berg 0:1
348 1753 1356 1802 Jahn Regensburg — SpVgg. Fürth 2:6
309 1836 734 1885 Freundſchaftsſpiele
348 1907 1360 1954 Städteſpiel Metz — Frankfurt 3:5
344 1954 1360 2000 VfR Frankenthal — Wehrmacht 1:2
343 1998 1356 2048 VfB Mühlburg — FC Neureut 2:0
347 2046 1352 2091 Phönix Karlsruhe — Wehrmacht Karlsr. 4:4
350 2092 1355 2140 FSV Frankfurt — Boruſſia Fulda 1:4
343 2137 1350 2189 Rotweiß Frankfurt — Spfrd. Frankfurt 4:1
345 2184 1353 2232 Eckenheim — Germania 94 Frankfurt 2:4
347 2232 1354 2278 Kickers Offenbach — Dunlov Hanau 12:3
340 2275 1353 2325 Lp. Vgg. Mundenh. — LSV Mainz⸗Wiesbd. 8:2
346 2323 1352 2372 RSC Straßburg — Tura Ludwigshaf. 5:2
343 2372 1352 2417 Union Niederrad — Fechenheim 07 9:1
611 2480 1019 2534 Fußball im Reich
302 2522 571 2578 Oſtpreußen:
346 2588 1351 2635 Preußen Mielau — VfB Oſterode 5:0
345 2634 1351 2681 Reichsbahn Königsberg — SV Inſterb. 6:1
344 2681 1352 2730 LSV Heiligb. — Pruſſia Saml. K'berg 0:2
299 2759 776 2816 Berlin⸗Brandenburg:
343 2832 1348 2881 Poliz. Berl. — Minerva Berl. (MSp.) 5:1
345 2881 1351 2927 Berliner SV 92 — Blauweiß Berlin 5:2
342 2927 1352 2979 Spandauer SV — Brandenburger 05 1:3
299 3009 497 3059 Sachſen:
341 3070 1351 3118 Guts⸗Muts Dresd. — Polizei Chemnitz 2:7
341 3115 1348 3162 Tura Leipzig — Döbelner SC 5:4
346 3163 1352 3209 Fortuna Leipzig — SC Planitz 3:4
341 3210 1349 3260 Chemnitzer BC — VfB Leipzig 2:3
297 3292 519 3344 Schleſien:
344 3351 1345 3403 LSV Olmütz — Rchsb. Tropp. (Pokal) 1:0
300 3435 620 3483 Niederſachſen:
347 3493 1347 3539 Wilhelmshaven 05 — Osnabrück 97 9:2
338 3541 1349 3592 VfL Osnabrück — ASV Blumenthal 7:2
297 3621 544 3673 Nordmark:
343 3682 1351 3729 Hamburger SV — Barnbecker SG 2:0
340 3728 1349 3777 Altona 93 — Victoria Hamburg 3:7
343 3775 1348 3822 Holſtein Kiel — Wilhelmsburg 09 2:0
345 3822 1347 3873 WSV Schwerin — Kilia Kiel 6:2
297 3905 533 3956 Weſtfalen:
343 3962 1345 4008 VfL Bochum 48 — Boruſſia Dortmund 1:2
345 4007 1349 4057 VfL Altenbeegge — Arminia Bielefld 4:13
345 4056 1346 4108 VfB Bielefeld — SpVg. Röhlinghauſen 3:1
298 4140 582 4188 Mittelrhein:
342 4194 1336 4249 VfL 99 Köln — Mülheimer SV 2:1
296 4278 498 4333 Oſtmark:
339 4337 1346 4384 Admira Wien — FC Wien 0:0
338 4384 1351 4431 Auſtria Wien — Wacker Wien 6:0
341 4432 1350 4478 Vienna Wien — Sturm Graz 10:1
341 4478 1347 4526 Poſt Wien — Rapid Wien 1:3
337 4526 1345 4578 Wiener SC — Floridsdorfer AC 4:3
2064 433 4051 586 Drei Meiſterſchaftsſpiele — drei Senſationen
1492 595 4618 683 Turbulenter Start in Mannheim / VfR Mannheim unterliegt TSG Plankſtadt 1:3 / Waldhof ſpielt 3:3
2150 674 3957 758 gegen Feudenheim / Sandhofen ringt Neckarau ein 2:2 ab
1542 794 3540 838 Das war ein toller Meiſterſchafts⸗Auftakt in Mannheim. Drei Treffen ſtanden am erſten Spieltag auf
1455 847 3536 894 dem Programm. Alle drei endeten mit Rieſenüberraſchungen, für die vor allem die beiden Neulinge,
1457 898 3538 946 Feudenheim und Plankſtadt, ſorgten. Die Plankſtädter legten die allzu ſiegesſicheren VfLler mit 3:1 herein
1456 949 3542 999 und Feudenheim brachte das Kunſtſtück fertig, eine 3:0⸗Führung der Waldhöfer noch in 3:3 Unentſchieden
1458 1001 3539 1052 umzuwandeln. Auch Neckarau hatte gegen Sandhofen ſcheinbar den Sieg ſchon feſt in der Taſche, als es
1453 1054 3537 1105 eine Viertelſtunde vor Schluß noch mit 2:0 vornelag. Aber die zähen Sandhöfer erzwangen in einem energie⸗
1454 1112 2182 1159 vollen Endſpurt noch den Gleichſtand.
1536 1160 3537 1214 So ergibt ſich nach dem erſten Spieltag der Eindruck, daß die Bereichsklaſſe in Nordbaden in ihrem
1458 1211 3538 1267 Können ausgeglichener iſt denn je und daß in Feudenheim und Plankſtadt zwei Mannſchaften zur erſten
1457 1266 3534 1321 Klaſſe vorſtießen, die noch für manche Ueberraſchungen gut ſind. Sie bilden jedenfalls ein begrüßenswert
1453 1325 2258 1371 belebendes Element in der Bereichsklaſſe.
1863 1411 3123 1534 Auf die leichte Schulter genommen
1470 1549 3521 1621 Der DfR Mannheim büßte ſeinen Leichtſinn mit einer 1:3-Niederlage gegen Plankſtadt
1455 1648 2461 1691 Altmeiſter gegen „Benjamine“ lautete die Parole
1421 1690 2460 1731 der Doppelveranſtaltung auf dem VfR⸗Platz, mit der
1420 1729 2463 1772 bei einem Beſuch von mehr als 3000 Zuſchauern die
1417 1770 2462 1814 neue Meiſterſchaftsſerie einen ſehr verheißungsvollen
1417 1816 1696 1855 Auftakt nahm.
1461 1853 2462 1896 Das erſte Treffen des Tages endete mit einer ſen⸗
1419 1896 2460 1938 ſationellen Niederlage des VfR, deſſen Sturm ſich nicht
1420 1937 2460 1980 in der Lage ſah, die Bombenabwehr der Plankſtädter
1419 1978 2461 2020 zu ſchlagen. Man ſpielte ſtreckenweiſe wohl haushoch
1414 2020 2463 2063 überlegen, doch bis ſich die Angreifer des Gaſtgebers
1419 2062 2460 2103 nach einer wenig durchſchlagskräftigen Partie zu ſtär⸗
1413 2104 2458 2145 keren Leiſtungen gefunden hatten, da war das Rennen
1419 2145 2460 2187 gelaufen und Plankſtadt hatte die Punkte in der
1415 2184 2459 2228 Taſche. Die Leiſtungen der Hintermannſchaft waren
1417 2226 2456 2268 anſprechend, trotzdem auch in ihren Reihen die Kampf⸗
1417 2267 2460 2310 kraft des Gegners unterſchätzt worden war, eine Ein⸗
1419 2306 2461 2349 ſtellung, die in allererſter Linie zur Niederlage bei⸗
1418 2355 1674 2390 getragen hat.
1459 2389 2458 2431 Die tapferen Plankſtädter erwieſen ſich als ganze
1419 2432 2458 2473 und wackere Kämpfer, die ihre mangelnde „Ring⸗
1416 2475 2459 2513 erfahrung“ durch eine erhöhte Einſatzbereitſchaft mehr
1414 2515 2460 2556 als auszugleichen verſtanden. Den Hauptteil des Spie⸗
1417 2556 2458 2597 les trug die rieſig arbeitſame Hintermannſchaft, in
1418 2600 2460 2640 der Torwart Seitz die beiden Verteidiger und ganz
1418 2639 2459 2680 beſonders der harte Berlinghof als Mittelläufer über⸗
1418 2681 2458 2722 ragten. Der Sturm fand ſich ſelten zu geſchloſſenen
1416 2723 2456 2764 Angriffen. Senn ſcheiterte meiſt an Rößling und die
1417 2762 2460 2804 beiden Außenſtürmer vergaben . im Uebereifer manch
1414 2804 2458 2847 gute Situation. Im Ausnützen der Torchancen erwie⸗
1417 2846 2461 2892 ſen ſich aber die Senn, Kolb und Blatt auf der
2526 1639 3573 1686 Höhe, ſo daß eine alte Plankſtädter Torgefährlichkeit
2526 1688 2808 1724 gewahrt blieb.
2567 1724 3572 1768 Der VfR hatte ſich ſofort eine große Ueberlegenheit
2522 1765 3570 1810 erſpielt, doch ſein Sturm fand ſich nicht zu der ſonſt
2524 1807 3569 1854 gezeigten Schußentſchloſſenheit, ſo daß trotz guter und
2520 1847 3568 1894 zahlreicher Erſolgsmöglikeiten keine Treffer möglich
2521 1898 2747 1938 ſein ſollten.
2562 1928 3568 1977 Der zweite Abſchnitt hatte einen ſenſationellen Be⸗
2529 1971 3567 2018 ginn. Nach einem Sola des Rechtsaußen, deſſen Her⸗
2524 2014 3569 2057 eingabe von Blatt auf das Tor gegeben wurde, wo
2524 2054 3564 2099 Rößling in der Not den Ball mit der Hand ſpielte,
2526 2094 3570 2140 gab es einen Elfmeter, den Kolb todſicher zum erſten
2526 2138 3571 2184 Treffer für Pankſtadt einſchoß. Der VfR griff nun
2525 2177 3567 2221 mit ſtänkerem Nachdruck an, doch alle Bälle, die auf
2526 2218 3571 2263 das Plankſtadter Tor kamen, wurden eine Beute des
2527 2259 3569 2304 ſchneidigen Hüters Seitz. der immer mehr in ſeine
2522 2301 3568 2348 Aufgabe wuchs. Mittelſtürmer Senn erhöhte über⸗
2527 2341 3567 2388 raſchend für Plankſtadt auf 2:0. Rößling erzielte den
2526 2381 3567 2428 erſten Gegentreffer. Doch zu mehr reichte es in einem
2525 2425 3571 2471 Wall von Beinen nicht mehr, während Plankſtadt nach
2526 2466 3570 2510 einem phantaſtiſchen Alleingang von Blatt den dritten
2524 2513 2792 2552 Treffer ſchoß.
2561 2548 3567 2593 VfR Mannheim: Jacob; Conrad, Jakob; Füt⸗
2525 2590 3566 2634 terer, Rößling, Feth; Krämer, Luhmann, Lutz, Dan⸗
2524 2637 2734 2677 ner, Heim.
2569 2673 3564 2716 TSG Plankſtadt: Seitz: Klein, Schroth;
2525 2714 3566 2757 Knopf, Berlinghof, Brixner; Gaa. Müller, Senn, Kolb,
2526 2758 2646 2798 Blatt.
2564 2793 3568 2839 Schiedsrichter Guber⸗Bruchſal leitete das jederzeit
2520 2838 3530 2886 anſtändig geführte Spiel zufriedenſtellend. H. S.
1804 2919 3178 3058 Feudenheims imponierender Endſpurt
1689 3065 3279 3139 Aus einer 3:0-Führung Waldhofs wurde ein 3:3 Unentſchieden
1455 3170 2457 3211 Bis zum zweiten Spiel der Doppelveranſtaltung
1416 3212 2456 3253 hatte ſich das Zuſchauerdreieck noch etwas verdichtet
1410 3255 2457 3295 und auch dieſes Treſfen ſah eine ſchneidige Partie des
1416 3297 2456 3338 Neulings Feudenheim. Die Manuſchaft ließ zeitweilig
1412 3339 2457 3382 erkennen, daß ſie in ihren Aufſtiegsſpielen harte
1412 3382 2456 3423 Kämpfe hinter ſich gebracht hat. Mit Eifer und
1413 3423 2455 3465 Schwung ging der Neuling an ſeine keineswegs leichte
1411 3468 2460 3507 Auſgabe, allerdings nicht erſt ohne ſich einer anfäng⸗
1413 3507 2457 3549 lich auftretenden Nervoſität entledigen zu müſſen. Erſt
1413 3551 2457 3592 als Waldhof überraſchend ſchnell mit 2:0 die Führung
1409 3595 2457 3636 geholt hatte, wurden die Aktionen des Neulings etwas
1409 3635 2457 3677 ruh ger und ſachlicher. Sie konnten indes nicht aus⸗
1414 3677 2460 3718 reichen, im der routinierten Waldhofelf ingendwie
1412 3721 2036 3765 ernſtlicher gefährlich zu werden.
1456 3771 2456 3814 Das Spiel der Waldhofelf, die diesmal an einigen
1416 3813 2455 3856 Poſten umbeſetzt war und u. a. Ramge im Angriff
1414 3858 2456 3897 fah. war natürlich in der Entſcheidung dieſes Treffens
1411 3900 2457 3940 beſtimmend. Man lief zwar nicht zur vollen Form
1412 3939 2452 3982 auf, immerhin ſpielte man ſich doch in eine überlogene
1408 3979 1533 4020 Rolle.
1451 4025 2453 4066 Waldhof begann das Spiel mit leichtem Rückenwind
1413 4066 2457 4107 und bereits nach drei Minuten lag Waldhof mit 1:0
1408 4109 2454 4149 in Führung, als Erb einen vom Feudenheimer Tor⸗
1411 4150 2451 4190 wart nicht weggebrachten Ball eindrückt. Bereits fünf
1412 4193 2451 4231 Minuten ſpäter hieß es 2:0 für Waldhof durch Ramge,
1411 4233 2457 4274 der ein exaktes Zuſpiel von Erb über den Torwart
1408 4275 2453 4316 hinweg ins Netz hebt. Vom linken Flügel ließ dann
1413 4318 2445 4356 Zimmermann den dritten Waldhoftreffer folgen, nach⸗
1411 4360 2451 4400 dem Feudenheim zuvor die erſten gereifteren Gegen⸗
1407 4403 1839 4441 aktionen geſetzt hatte.
1454 4443 2453 4484 Der Reſt der erſten Halbzeit ſah die Feudenheimer
1407 4481 2454 4526 forſcher beim Zeug, aber Fuchs am rechten Flügel
1410 4525 2451 4569 und auch Wagner und Maier hatten mit ihrem zum
2524 3156 3228 3201 Teil recht guten Angriff kein Glück.
2568 3201 3565 3240 Die zweite Halbzeit eröffnete Feudenheim mit einem
2526 3242 3565 3281 Weitſchuß von Fuchs, den Fiſcher ſicher hielt. Wenig
2525 3285 3567 3324 ſpäter mußte er ſich jedoch geſchlagen bekennen, als
2525 3325 3565 3364 Bach eine Flanke vom rechten Flügel verwandelte.
2523 3367 3563 3406 Weiter gab Feudenheim den Ton an und die Wald⸗
2525 3407 3568 3446 hofdeckung hatte ſich verſchiedentlich zu ſtrechen. Merk⸗
2523 3448 3569 3488 lich ließ das Waldhofſpiel nach und ſichtlich ſchwächer
2526 3491 3566 3530 erſcheinen jetzt die Aktionen des Angriffs und der
2521 3532 2752 3571 Läuferreihe.
3676 786 4685 832 Um ſo freudiger und lebendiger gefärbt war nun
3639 827 4685 874 das Spiel der Feudenheimer, die unbedingt auf ein
3639 870 4682 916 günſtiges Abſchneiden drücken und die durch Maier in
3637 912 4684 958 ſchöner Manier auf 3:2 herankamen; daß es ernſt ge⸗
3638 952 4685 997 worden iſt, beweiſt eine Umſtellung der Waldhofer
3641 993 4679 1039 Mannſchaft, bei der jetzt Maier in der Abwehr auf⸗
3636 1037 4686 1081 tauchte. Das Spiel gewinnt an Spannung und er⸗
3635 1076 4685 1122 reichte ſeinen Höhepunkt zugleich, als Maier gar mit
3639 1117 4682 1163 einem Freiſtoß aus 25 Meter Entfernung auf 3:3 ſtellt,
3639 1159 4687 1204 während Erb auf Waldhöfer Seite das noch einmal
3639 1198 4687 1248 greifbare Siegestor im Anſchluß an einen exakten
3639 1242 4684 1288 Freiſtoß Bauders nur an die Latte ſetzen kann. Der
3638 1283 4686 1330 Schlußpfiff geht in einer lebhaften Ovation des Feu⸗
3639 1331 4152 1369 denheimer Anhangs unter.
3676 1365 4618 1412 Als Spielleiter amtierte Schlemmer (Karlsruhe).
3678 1413 4212 1451 Die Mannſchaften ſtanden:
3680 1450 4676 1494 SV Waldhof: Fiſcher; Engelhardt, Siegel;
3641 1490 4681 1535 Maier, Bauder, Sättele; Lautenbach, Ramge, Erb,
3638 1534 4170 1575 Günderroth, Zimmermann.
3679 1574 4685 1616 Feudenheim: Sprengel: Schrauf, Spatz; Ueber⸗
3636 1615 4685 1659 rhein, Fuchs H., Högele; Fuchs R., Wagner, Bach,
3634 1658 3905 1697 Maier, Ripp.
3717 1717 4601 1799 Geörg überrumpelte Neckarau
3710 1813 4613 1862 Verdientes 2:2 Unentſchieden gegen die
3973 1863 4358 1910 SpV Sandhofen
3684 1916 4685 1961 Zum erſten Punktekampf der neuen Saiſon trafen
3639 1963 4683 2002 ſich die alten Widerſacher Neckarau und Sandhofen an
3637 2003 4685 2042 der Altriper Fähre. Bei den Platzherren ſah man erſt⸗
3640 2044 4689 2085 mals den Gaſtſpieler Schulte auf Halbrechts, der ſich
3636 2085 4680 2125 vielverſprechend einführte. In der erſten halben
3634 2127 4684 2167 Stunde war bei beiderſeitig mäßigen Leiſtungen das
3639 2168 4682 2206 Kampfgeſchehen ausgeglichen. In der 20. Minute ließ
3637 2209 4684 2248 Sandhofens Torwart den Ball aus den Händen fal⸗
3637 2250 4685 2292 len, jedoch ließ Veitengruber die Chance aus. Sälzler,
3635 2290 4687 2330 der vorübergehend nach einem heftigen Zuſammen⸗
3634 2333 4687 2372 prall mit Gerbert ausgeſchieden war, wechſelte bei
3637 2373 4685 2413 ſeinem Wiedereintritt auf Rechtsaußen. Schulte nahm
3634 2414 4686 2455 den Mittelläuferpoſten ein. Die Neckarauer, die jetzt
3632 2455 4688 2496 leicht überlegen ſpielten, erzielten in der 40 Minute
3637 2496 4684 2537 auf Flanke von links durch Bombenſchuß von Sälzler
3639 2537 4443 2582 das erſte Tor. 1:0 ging es in die Pauſe.
3675 2577 4682 2621 In der zweiten Halbzeit war Neckarau leicht über⸗
3634 2619 4684 2663 legen. Aber zwiſchendurch kam ein ſehr gefährlicher
3639 2660 4680 2704 Vorſtoß der Sandhöfer, ſo daß Gaska rettend eingrei⸗
3638 2705 4684 2745 fen mußte. Einen ſcharfen Schuß Veitengrubers hielt
3633 2747 4682 2788 Schätzle blendend. Nachdem Preſchlee knapp verſchoſſen
3634 2789 4682 2830 hatte, mußte Gaska einen Schuß von Geörg unſchäd⸗
3632 2829 4681 2873 lich machen. Im Gegenſtoß erzielte Neckarau eine
3638 2872 4686 2913 Ecke, die mit viel Glück abgewehrt wurde. In der
3637 2912 4679 2954 25. Minute ſchoß Preſchle an die Latte, im Gedränge
3635 2956 4683 2996 machte ein Sandhöfener Hände — den fälligen Elf⸗
3636 2996 4681 3037 meter verwandelte Lutz zum 2:0. Wenig ſpäter er⸗
3635 3039 4683 3078 zielte Mittelſtürmer Geörg nach ſchönem Durchbruch
3635 3079 4683 3121 den erſten Gegentreffer. Geörg war es auch, der in
3632 3120 4684 3161 der 35. Minute für ſeine Farben den Ausgleich her⸗
3633 3160 4685 3202 ſtellte. In den reſtlichen Spielminuten gelang keiner
3635 3202 4426 3242 der Parteien mehr ein zählbarer Erfolg.
3671 3242 4683 3285 Schiedsrichter Dietz (Durlach) war dem Spiel ein
3633 3285 4006 3325 vorzüglicher Leiter.
3673 3325 4672 3367 VfL Neckarau: Gaska; Lutz, Gönner; Gerbert,
3633 3365 4677 3411 Sälzler. Kloſtermann; Veitengruber, Schulte, Preſchle,
3634 3407 3998 3445 Wilhelm, Gärtner.
3676 3448 4674 3491 SpV Sandhofen: Schätzle; Servatius, Kleber:
3633 3486 4679 3533 Müller, Weber. Leivinſki; Kolberger, Wenk, Geörg,
3631 3530 4045 3572 Hofmann, Umſtätter.
2777 3637 4432 3769 Dramatiſcher Kampf im Pariſer Prinzenpark
2952 3783 4293 3852 Dresdener Wehrmachtself erringt knappen 2:1-Sieg
2725 3876 3356 3924 (Eigener Drahtbericht)
3054 3930 3527 3975 r. b. Paris, 31. Auguſt.
2559 3979 3568 4019 Nach Wien, Hannover und Nürnberg⸗Fürth gab am
2519 4019 3565 4060 Sonntag die Dresdener Wehrmachtself, die ſich faſt
2519 4063 3566 4101 ausſchließlich aus Spielern des Dresdener Sportclubs
2519 4103 3338 4143 rekrutierte, ihre Viſitenkarte in Paris ab.
2559 4146 3563 4184 Der gute Ruf der Dresdener, die im Sturm durch
2517 4188 3563 4226 den gefürchteten Durchreißer Graebſch vom 1. SV
2519 4229 3567 4268 Jena verſtärkt waren, hatte ſeine Zugkraft nicht ver⸗
2519 4271 3567 4310 fehlt. Ueber 20 000 Zuſchauer bevölkerten die Tri⸗
2519 4313 3564 4352 bünen im Prinzenpark⸗Stadion und ſchufen wieder
2518 4354 3565 4393 einen impoſanten Rahmen für ein Spiel, das ſich
2514 4397 3566 4435 nach anfänglich mattem Start immer lebhafter geſtal⸗
2517 4438 3560 4477 tete und ſchließlich ſolch dramatiſche Formen annahm.
2517 4478 3565 4518 daß die Zuſchauer aus der Aufregung nicht heraus⸗
2518 4522 2653 4564 kamen.
3674 3878 4682 3924 Die Pariſer Elf hatte in letzter Minute erhebliche
3632 3918 4682 3962 Umſtellungen vornehmen müſſen. Beſonders unan⸗
3635 3962 4683 4003 genehm machte ſich das Fehlen des Fürthers Fiederer
3634 4003 4682 4044 bemerkbar, der gegen Hannover mit die Triebfeder des
3635 4043 4684 4087 Pariſer Sturms geweſen war. Im Tor ſtand erſt⸗
3632 4087 4682 4129 mals der Altinternationale Ertl von Wacker München,
3635 4125 4684 4169 Bornemann und Streitle verteidigten. Die Läufer⸗
3631 4167 4682 4211 reihe bildeten Zielinſki, der Mühlburger Ebert und
3633 4209 4681 4253 der Münchener Fickenſcher und der Angriff ſetzte ſich
3634 4253 4684 4295 aus Meng, Lay, Raſſelnberg, Hohmann und dem
3632 4294 4683 4337 Krefelder Bonpinaki zuſammen. Eine Verletzung
3632 4335 4682 4378 Streitles zwang die Elf zu wiederholten Umgruppie⸗
3634 4379 4682 4422 rungen, ſo daß es lange dauerte, bis ſie zu ihrer
3630 4417 4031 4459 beſten Form auflief.
3669 4470 4681 4516 Anfangs dominierten die Dresdner einwandfrei.
3632 4515 4682 4558 Sie ſpielten einen techniſch feinen und eleganten Fuß⸗
3630 4557 4684 4598 ball und ſetzten Ertl ſchwer unter Druck. Aber der
3630 4599 4682 4639 Internationale hielt wie in ſeinen beſten Tagen und
3633 4641 4685 4682 gab ſich nach großen Paraden erſt in der 20. Minute
3630 4683 4682 4724 geſchlagen, als Graebſch eine Linksflanke mit unhalt⸗
3632 4726 4683 4765 barem Drehſchuß verwandelte. Eine Viertelſtunde
3631 4765 4682 4808 ſpäter war es wiederum Graebſch, der auf ähnliche
3630 4806 4679 4848 Art einen zweiten Treffer für Dresden markierte,
3633 4848 4249 4892 das mit 2:0 in die Pauſe ging.
3674 4912 4681 4955 Nach der Pauſe ging in der Pariſer Elf ein großer
3633 4953 4681 4996 Wandel vor ſich. Zielinſki ging nun in die Mitte der
3633 4994 4683 5036 Deckung und jetzt klappte es auf einmal. Dresdens
3632 5037 4684 5080 Abwehr mußte hart kämpfen, während der ſächſiſche
3632 5079 4684 5120 Sturm nur wenig mehr zu melden hatte, da er immer
3629 5121 4683 5160 wieder in die Abſeitsfalle hineinlief. Unter den An⸗
3630 5162 4684 5203 feuerungsrufen der Zuſchauer verſtärkte ſich der Druck
3632 5203 4684 5246 der Pariſer immer mehr und ſchließlich gelang es
3633 5245 4680 5288 Hohmann in der 70. Minute, nach einem Durchſpiel
3632 5289 4685 5326 des linken Flügels an dem ſtürzenden Kreß vorbei
3629 5329 4685 5368 einzuſchießen. Paris ſetzte alles auf eine Karte und
3629 5368 4681 5411 ſtürmte mit aller Kraft, aber jetzt zeigte auch Willi⸗
3629 5411 4682 5451 bald Kreß herrliche Paraden am laufenden Band und
3629 5453 4679 5492 die Dresdner Abwehr bewies ihre internationale
3630 5492 4679 5533 Klaſſe. In der letzten Minute kam es dann noch zu
3627 5533 4680 5575 dramatiſchen Momenten. Erſt rettete Ertl vor dem
3629 5577 4681 5617 durchgebrochenen Weigand durch eine tollkühne Pa⸗
3628 5619 4678 5658 rade und im Gegenſtoß vereitelte Kreß den Ausgleich,
3626 5660 4676 5699 als er herausſtürzend dem völlig freiſtehenden Lay
3626 5701 4191 5744 das Leder vom Fuß nahm.
3665 5765 4679 5807 Bei den Dresdnern war die geſamte Hintermann⸗
3626 5806 4678 5847 ſchaft große Klaſſe. Dzur ſpielte einen Stopper ohne
3628 5847 4674 5888 Fehler und Schubert baute ausgezeichnet auf. Im
3626 5888 4677 5930 Angriff ſtanden neben zwei ſchnellen Flügeln der
3626 5928 4675 5971 eminent gefährliche Durchreißer Graebſch, und Schaffer
3625 5973 4677 6012 machte ſeinem Namen alle Ehre. Streitle war bis zu
3627 6013 4673 6053 ſeiner Verletzung die überragende Kraft der Pariſer,
3626 6055 4670 6094 aber auch Ertl lieferte eine große Partie. Die Läufer⸗
3624 6098 4679 6135 reihe kam erſt in der zweiten Halbzeit richtig in Fahrt
3622 6137 4668 6178 und im Angriff waren Hohmann und der flinke Lay
3618 6176 4089 6219 die gefährlichſten Leute.
1057 4625 2803 4789 Deutſche Jugend triumphiert in Breslau
326 4802 3513 4890 Glanzvoller Abſchluß der Sommerſpiele der HJ / Ueberwältigender Sieg des Leichtathletik⸗Nachwuchſes
333 4927 1341 4968 Die 5. Somerkampfſpiele der Hitlerjugend und die
289 4969 1336 5010 erſtmals mit ihnen verbundenen Jugendländerkämpfe
288 5009 1337 5051 fanden am Sonntagnachmittag vor 50 000 Zuſchauern
291 5052 1339 5092 in der Schleſier⸗Kampfbahn ihren Höhepunkt und Aus⸗
284 5091 1339 5133 klang. Die Tribünen rings um das gewaltige Oval
286 5133 1337 5174 vermochten kaum die Maſſen zu faſſen, die den Ent⸗
290 5174 1333 5216 ſcheidungen der deutſchen und europäiſchen Jugend
288 5216 1338 5257 auf der Aſchenbahn und dem grünſatten Raſen mit
288 5256 1336 5297 beiwohnen wollten. Aus dem farbenfreudigen Bild
288 5298 1339 5339 der Uniformen der Jugend hob ſich neben dem Fah⸗
292 5340 1339 5380 nenwald unter dem das feldbeherrſchenden Glocken⸗
289 5381 1337 5422 turm an beiden Seiten zwei Große V, gebildet aus
289 5422 1335 5460 den braunen Uniformen der Hitlerjugend und dem
290 5463 1338 5504 blendenden Weiß der Bluſen des BDM, weithin ſicht⸗
290 5503 1336 5544 bar ab. Die Vorführngen der Jungen im Boden⸗
291 5546 1339 5584 turnen und der Grundgymnaſtik, die ſchönen an⸗
287 5586 1337 5626 mutigen Darbietungen der Bewegungsgeſtaltung der
293 5628 1338 5667 Mädel in ihren prachtvollen, Herz und Augen erfül⸗
286 5668 1337 5708 lenden Bildern wechſelten mit den packenden Kampf⸗
291 5711 874 5752 ſzenen der letzten Kämpfe ab.
333 5762 1338 5803 Zum Schluß der Kämpfe marſchierten die Mann⸗
286 5804 1337 5843 ſchaften der teilnehmenden Nationen in der Reihen⸗
286 5844 1337 5884 folge Italien, Bulgarien, Dänemark, Finnland, Flam⸗
286 5885 1332 5925 land, Kroatien, Niederlande, Norwegen, Spanien,
285 5926 1330 5966 Slowakei, Ungarn und Deutſchland in die Kampf⸗
288 5967 1339 6007 bahn ein. Stabsführer Möckel ehrte die in der Front
290 6009 1336 6047 zur Tribüne angetretenen Sieger durch Handſchlag
288 6049 1335 6089 und hob in ſeiner Schlußanſprache hervor, daß von
287 6090 1336 6129 den eingeladenen Nationen nur Schweden und die
287 6130 1337 6173 Schweiz fehlen. In Breslau ſei aber die Jugend
286 6172 1337 6212 aller Länder verſammelt geweſen, die ſich um den
287 6213 1336 6255 Aufbau einer neuen Jugendbewegung benühe. Die
286 6253 1333 6297 Kämpfe ſelbſt hätten gezeigt, daß ſowohl die deutſche
286 6294 1337 6336 als auch die europäiſche Jugend bereit ſind, das Werk
289 6335 1337 6377 zu beginnen. Die eindrucksvolle Feier ſchloß mit der
288 6379 1337 6418 Führer⸗Ehrung und der Ehrung der Staatsober⸗
286 6420 1334 6460 häupter der vertretenen vierzehn Nationen und den
290 6462 673 6504 nationalen Liedern.
332 6509 1167 6557 Deutſche Jugend ſiegte in allen Kämpfen.
331 6575 1334 6620 Wie ſchon im Schießen und im Schwimmen, ſo
292 6618 1336 6660 haben die deutſchen Jungen und Mädel ihre erſte
287 6660 1335 6701 internationale Feuerprobe in der Leichtathletik glän⸗
290 6698 1336 6744 zend beſtanden. In beiden Mannſchaftskämpfen ſiegte
289 6741 1338 6784 die Hitler⸗Jugend and der BDM. Jedesmal belegten
291 6781 1341 6828 Italien und Finnland die Ehrenplätze. Die Leiſtungen
290 6824 1335 6870 waren auf der ganzen Linie wieder hervorragend. Sie
293 6867 1338 6911 ſollen in den nachſtehenden Ergebniſſen für ſich ſelbſt
294 6916 466 6955 prechen:
1840 4920 2009 4966 Jungen:
1447 4976 2451 5015 100 m: 1. Marinie⸗Italien 10,9; 2. Bettini⸗Italien
1405 5018 2448 5057 10,9; 3. Lauer⸗Deutſchland 11,0; 4. Kölbel⸗Deutſchland
1407 5058 1991 5098 11,1; 5. Szanto⸗Ungarn 11,4.
1443 5098 2448 5138 800 m: 1. Schüler⸗Deutſchland 2:00,5; 2. Perno⸗
1402 5141 2449 5180 Italien 2:01,1; 3. Stäbe⸗Deutſchland 2:01; 4, Ada⸗
1407 5182 2302 5220 meſik⸗Ungarn 2:01,7; 5. Caieloi⸗Italien 2:02,3.
1445 5222 2447 5265 400 m: 1. Schäfer⸗Deutſchland 49; 2. Pascusci⸗
1408 5265 2443 5303 Italien 49,6; 3. Wien⸗Deutſchland 50,9; 4. Benhalmy⸗
1403 5305 2061 5345 Ungarn 52; 5. Croci⸗Italien 52.
1441 5344 2440 5386 4 x 400 m: 1. Deutſchland 43,3; 2. Italien 43,5;
1402 5383 2448 5428 3. Finnland 46; 4. Bulgarien 46,2; 5. Kroatien 47,2.
1444 5429 2448 5468 Weitſprung: 1. Neue (D) 7,02 m; 2. Kiß (U)
1404 5471 2450 5511 6,89 m; 3. Reisdörfer (D) 6,71 m; 4. Urbic (Kroa⸗
1404 5512 2453 5551 tien) 6,60 m; 5. Horvath (U) 6,46 m. — Hoch⸗
1404 5553 2451 5594 ſprung: 1. Naumann (D) 1,80 m; 2. Tremmel (D)
1405 5596 2451 5637 1,75 m; 3. Aleſtalo (Finnland) 1,75 m; 4. Garello
1409 5637 2448 5677 (J) 1,75 m; 5. Gröber (U) 1,75 m. — Kugel:
1407 5679 2448 5721 1. Kreſin (D) 15,07 m; 2. Hanvay (U) 13,73 m;
1403 5719 2447 5760 3. Vendel (D) 13,17 m; 4. Bonamico (J) 13,00 m;
1404 5762 2449 5802 5. Majura (Slowakei) 12,87 m. — Speer: 1.
1405 5804 2448 5845 Salonen (Finnland) 55,55 m; 2. Koskelainen (F)
1403 5845 2447 5885 53,83 m; 3. Jaßmund (D) 52,44 m; 4. Salvadi (J)
1403 5887 2270 5927 50,95 m: 5. K. Jakſic (Slowakei) 47,03 m.
1447 5927 2448 5969 Endſtand des Nationenkampfes: 1.
1405 5971 2452 6010 Deutſchland 81 Punkte; 2. Italien 48 P.; 3. Finn⸗
1403 6012 2453 6053 land 25 P.; 4. Ungarn 23,5 P.; 5. Slowakei 9 P.:
1402 6054 2450 6097 6. Bulgarien 7,5 P.; 7. Kroatien 5 P.; 8. Nieder⸗
1402 6097 1984 6139 lande und Flamland je 1 P.
1844 6163 2014 6211 Mädel:
1448 6218 2446 6257 100 m: 1. Zeleznik (D) 12,6; 2. Ranke (D) 12,6;
1403 6259 2449 6300 3. Pallavidino (J) 13,4; 4. Cantu (J) 13,5; 5. van
1403 6302 2449 6343 J'Hamond (Niederlande) 13,9. — 80 m Hürden:
1404 6344 2453 6387 1. Fovano (J) 12,6; 2. Franco (J) 12,77; 3. Bed⸗
1403 6387 2452 6426 narek (D) 12,9; 4. Kaufmann (D) 13,5; 5. Bör
1407 6429 2450 6469 (Niederlande) 15,5. — 4 x 100 m: 1. Deutſchland
1402 6471 2454 6511 50,4: 2. Italien 50,7; 3. Norwegen 56,9; 4. Nieder⸗
1403 6513 2447 6553 lande 56,9. — Hochſprung: 1. Eckelt (J) 1,52 m;
1404 6555 2452 6595 2. Schall (D) 1,52 m; 3. Vittori (J) 1,45 m; 4. Ja⸗
1402 6597 2453 6636 none (J) 1,40 m; 5. Neß (Norwegen) 1,35 m. —
1401 6639 2447 6679 Speerwerfen: 1. Hillebrandt (D) 38,77 m:
1404 6679 2450 6721 2. Ballaben (D) 38,54 m; 3. Turci (I) 37,83 m;
1405 6721 2451 6763 4. Diepers (Niederlande) 34,36 m; 5. Andreſen (Nor⸗
1403 6765 1735 6808 wegen) 25,86 m.
1457 6815 2451 6858 Endſtand des Nationenkampfes: 1.
1406 6857 2448 6903 Deutſchland 55 Punkte; 2. Italien 45 P.; 3. Nieder⸗
1401 6900 2083 6942 lande 14 P.; 4. Norwegen 12 P.
2698 4923 3375 4980 Jürgen Günther enttrohnt
2556 4986 3565 5031 Im Endkampf um die Jugendmeiſterſchaft im Ten⸗
2517 5028 3566 5072 nis wurde der Titelverteidiger Jürgen Günther (Heſ⸗
2517 5067 3559 5113 ſen⸗Naſſau) von dem Sudetenländer Kurt Fiſcher 7:5,
2517 5109 3565 5155 6:3 geſchlagen. Fiſcher war härter und ſicherer in ſei⸗
2515 5149 3562 5192 nen Schlägen. Einen Erfolg hatte dagegen Günther
2516 5190 3563 5232 mit ſeinem Kameraden Wiſſenbach im Endſpiel des
2517 5230 3559 5273 Jungenddoppels, das ſie gegen die Hochländer Hartung
2516 5270 3560 5313 — Kornhas leicht 6:1, 6:3 gewannen. Bei den Mädeln
2513 5310 3560 5352 war Lotte Tegtmeyer (Düſſeldorf) gegen Traudel
2517 5350 3564 5393 Zahn (Württemberg) 6:0, 6:3 erneut erfolgreich. Die
2515 5390 3561 5434 Meiſterſchaften im Mädeldoppel fiel an die Hambur⸗
2513 5430 3561 5473 gerin Obſt⸗Weidehaas mät 6:4, 2:6, 6:4 gegen Wori⸗
2516 5470 3564 5515 ſek⸗Fiſcher (Wien). In der Troſtrunde der Jungen
2516 5511 3565 5553 ſiegte Hans Graf (Köln⸗Aachen) über Deter (Branden⸗
2513 5550 2980 5595 burg) mit 6:3, 3:6, 6:4.
2732 5630 3356 5686 Noch kein Hocheymeiſter
2550 5694 3557 5738 Die Hockeymeiſterſchaft der Jungen mußte vertagt
2511 5735 3559 5778 werden, da die Mannſchaften von Ruhr⸗Niederrhein
2513 5775 3559 5818 und Hochland ſich trotz verlängerter Spielzeit 1:1 un⸗
2512 5815 3562 5858 entſchieden trennten. Dieſes Ergebnis ſtand ſchon bei
2513 5855 3559 5898 Halbzeit feſt. Bei den Mädeln hat der Obergau Heſ⸗
2513 5894 3559 5938 ſen⸗Naſſau nach hartnäckigem Kampf gegen Mittelelbe
2513 5936 3561 5978 den Titel mit 2:1 nach Verlängerung gewonnen. Zur
2517 5978 3262 6018 Pauſe führte noch Mittelelbe mit 1:0.
2530 6053 3540 6112 Berliner Sieg im 100 km Einzelfahren
2551 6120 3563 6164 Die Jugendmeiſterſchaft im 100 Klm. Schnelligkeits⸗
2512 6162 3556 6204 fahren wurde auf einer Rundſtrecke mit Start und
2513 6201 3555 6245 Ziel auf dem Hermann⸗Göring⸗Sportfeld entſchieden,
2512 6239 3558 6283 Obgleich die Strecke gegenüber dem Vorjahr um 25
2514 6281 3560 6325 Kilometer verlängert worden war, gab es doch eine
2513 6323 3555 6365 Maſſenankunft und von den 51 geſtarteten Fahrern
2509 6363 3556 6404 rüſteten ſich 29 zum Endkampf. Zu Beginn hatte der
2511 6404 3560 6444 Niederſchleſier Ratay einige 100 Meter Vorſprung ge⸗
2512 6444 3561 6485 wonnen, doch wurde er eingeholt. Nicht beſſer ging es
2515 6484 3553 6524 ſpäter Fritz Kittſteiner (Franken), der ſchon 1 ½
2513 6524 3558 6565 Minuten gewonnen hatte, jedoch ſich bei ſeinem Vor⸗
2512 6564 3558 6607 ſtoß ſo erſchöpfte, daß er ſpäter ausſichtslos zurückfiel
2511 6605 3560 6646 und aufgab. Im Endkampf war Artur Schüler (Ber⸗
2508 6646 3563 6686 lin) der ſtärkſte Fahrer, der Hans Hörmann (Hoch⸗
2511 6685 3561 6725 land) und Fritz Stubbe (Berlin) mit einer halben
2513 6728 2830 6769 Radlänge ſchlug.
2551 6772 3554 6818 Das Ergebnis: 1. Artur Schüler (Berlin) 2:51,02, 2.
2512 6817 3553 6859 Hans Hörmann (Hochland), 3. Fritz Stubbe (Berlin),
2514 6858 3558 6898 4. Jochem Schulze (Mittelelbe), 5. Heinrich Sieger
2516 6901 3070 6941 (Baden), 6. Lange (Sachſen).
3736 6431 3861 6464 Zucker⸗
3739 6472 3859 6505 kranke!
3740 6512 3863 6548 Fragen
3713 6553 3883 6589 Sie Ihren
3759 6593 3846 6627 Arzt
3724 6632 3875 6666 über die:
4123 6436 4441 6497 Überkinger
3953 6519 4598 6590 Adelheid-Quelle
3957 6629 4593 6678 Oft bewährt, viel verwendet!
3666 6745 4606 6788 Prospekte kostenlos von der Mineralbrunnen AG Bad Überkingen
3612 6867 4657 6904 Zu haben in Apotheken und Mineralwassergroßhandlungen
3614 6899 4652 6943 bei 25 Fl. ¾ Liter pro Flasche 32 Pfg. + Pfand 15 Pfg.
