5167 7366
537 1202 2349 1321 DAS NATIONALSOZIALISTISCHE
2974 1173 4806 1292 KAMPFBLATT NORDWESTBADENS
511 1403 1076 1472 Mittwoch⸗Ausgabe
1958 1403 2244 1453 Nummer 244
3053 1395 3356 1441 11. Jahrgang
3905 1367 4863 1441 Mannheim, 3. September 1941
503 1559 4868 1944 Zwei Jahre unglaublicher deutscher Siege
673 1930 4687 2095 Die europäische Presse zum zweiten Jahrestag des von England begonnenen Krieges
503 2194 1549 2284 Kontinent gegen England
942 2302 1505 2348 hb. Berlin, 2. September.
535 2360 1545 2414 Zu Beginn des dritten Kriegsjahres ver⸗
509 2406 1540 2460 öffentlicht die europäiſche Preſſe durchweg Kom⸗
500 2453 1551 2506 mentare, die in ſchärfſter Weiſe die Kriegs⸗
509 2502 1549 2556 ſchuld Englands feſtnageln und die unver⸗
503 2546 1549 2603 gleichlichen deutſchen Siege feiern. Aus der
506 2592 1546 2652 Fülle ſolcher Stimmen ſeien nur einige wenige
508 2650 860 2699 herausgegriffen.
552 2685 1539 2743 Die römiſche Preſſe weiſt insbeſondere auf
502 2734 1538 2792 die gerade zum Abſchluß des zweiten Kriegs⸗
507 2780 1539 2840 jahres ſtattgefundene Begegnung zwiſchen
504 2827 1549 2885 den Führern der beiden Achſenmächte hin. Als
508 2873 1540 2933 Hauptergebnis der beiden erſten Kriegs⸗
508 2919 1551 2979 jahre nennt „Giornale d'Italia“ die Beſeiti ⸗
508 2965 1548 3026 gung Englands vom Kontinent.
501 3012 1549 3074 „England, das in den Krieg zog“, ſchreibt das
503 3058 1544 3117 Blatt, „um die Vorherrſchaft ſeines Weltreiches
506 3108 1542 3165 zu ſichern und jeden Reviſionsverſuch der euro⸗
506 3152 1545 3211 päiſchen Nationen zu verhindern, ſieht dieſes
506 3197 1541 3254 Weltreich in Stücke zerfallen, und es ſind ſeine
504 3244 1538 3305 eigenen ſogenannten Verbündeten, die Vereinig⸗
504 3290 1548 3349 ten Staaten, die ihre Hand darauf legen. Wenn
504 3337 1549 3395 etwas zu Beginn des dritten Kriegsjahres ſicher
499 3385 1545 3443 iſt, dann iſt es die Gewißheit, daß England aus
500 3429 1546 3488 dieſem von ihm provozierten Krieg mit zerbro⸗
499 3476 1545 3536 chenen Knochen hervorgehen wird.“ Als ebenſo
505 3522 1546 3582 ſicher bezeichnet es das Blatt, daß kein Kompro⸗
506 3576 975 3629 mißfriede möglich ſei.
550 3613 1548 3673 „Die Reviſionen der Achſenmächte“, ſo ſchließt
508 3659 1553 3722 „Giornale d'Italia“, „ſollen für alle Nationen
507 3709 1548 3768 ein gerechtes Verhältnis zwiſchen den Notwen⸗
502 3755 1546 3816 digkeiten und den vorhandenen Mitteln brin⸗
506 3802 1548 3863 gen und für Europa ein beſſeres Gleichgewicht
499 3849 1551 3906 der Kräfte und der nationalen Möglichkeiten.
503 3896 1545 3954 Keine Regierung und keine politiſche Auffaſ⸗
507 3943 1544 4002 ſung der Welt wird ſich dieſer Zielſetzung
1612 2188 2651 2241 widerſetzen können, ohne ſeinen eigenen Wil⸗
1608 2238 2643 2286 len dauernder Ungerechtigkeit und unerträg⸗
1604 2286 2327 2335 licher Hegemonie zu offenbaren.
1660 2342 2653 2390 „Tribuna“ ſchreibt: „Nach dem Triumph der
1612 2390 2645 2439 Achſenmächte werden die europäiſchen Völker,
1615 2437 2645 2487 befreit vom Bolſchewismus und von inter⸗
1610 2485 2644 2534 nationaler Plutokratie, geeint und einträchtig
1607 2532 2644 2581 am Wohlſtand des erneuerten europäiſchen
1613 2580 2305 2628 Kontinents zuſammenarbeiten.“
1662 2638 2654 2684 „Vor zwei Jahren konnte niemand die un⸗
1616 2685 2645 2733 faßbaren Heldentaten der deutſchen Wehrmacht
1616 2731 2648 2778 vorausſehen,“ ſchreibt der Außenpolitiker des
1615 2779 2646 2825 Madrider „ABC“. Sogar nach der Niederrin⸗
1618 2826 2652 2873 gung Polens in wenigen Wochen waren Gene⸗
1616 2872 2644 2918 ral Gamelin und ſeine Mitarbeiter überzeugt,
1611 2919 2644 2964 daß es ſich nur um eine „Epiſode“ handele als
1609 2964 2657 3013 logiſche Folge der ſchlechten polniſchen Organi⸗
1616 3010 2645 3056 ſation und daß ein Blitzkrieg in Frankreich
1617 3057 2651 3104 gar nicht in Frage komme. Vor zwei Jahren
1614 3104 2657 3149 wäre uns die deutſche Landung in Norwegen
1607 3150 2653 3196 und die Beſetzung der Inſel Kreta angeſichts
1612 3195 2652 3242 der britiſchen Schlachtſchiffe wie eine Phantaſie
1605 3242 2655 3289 erſchienen oder beſſer geſagt — als ein Wahn⸗
1615 3289 2650 3335 ſinn. Aber die Soldaten des Füh⸗
1610 3335 2654 3381 rers haben die unglaublichſten Hel⸗
1612 3381 2656 3427 dentaten vollbracht. Jeder Feldzug hat
1611 3428 2645 3476 die Welt immer wieder in Erſtaunen verſetzt.
1611 3475 2647 3521 Alle kontinentalen Gegner, alle die Verbünde⸗
1615 3521 2656 3570 ten und Freunde Englands ſind bereits ausge⸗
1612 3568 2652 3617 ſchaltet. Der letzte Verbündete, Sowjetruß⸗
1609 3612 2651 3660 land, hat ſeine beſten Diviſionen, ſein beſtes
1609 3659 2637 3707 Material und ſeine reichſten Gebiete verloren
1616 3701 2651 3756 Europa gehört heute der Achſe und ihren
1616 3752 2644 3801 Freunden. Der Krieg iſt noch nicht zu Ende,
1609 3798 2652 3846 aber ſein Ausgang iſt nicht mehr zweifel⸗
1612 3848 1759 3894 haft.
1659 3891 2647 3939 Der rumäniſche „Curentul“ erklärt, die deut⸗
1614 3937 2648 3988 ſche Wehrmacht könne auf unbeſchreibliche mili⸗
2711 2177 3750 2233 täriſche Erfolge zurückblicken. Nach dem ſieg⸗
2713 2224 3752 2279 reichen Feldzug im Weſten habe Deutſchland
2717 2271 3752 2324 die britiſchen Pläne im Südoſten vereiteln
2714 2320 3750 2371 können. Durch die Rumänien gegebene Garan⸗
2717 2365 3753 2420 tie habe es den engliſchen Intrigen das Tor
2716 2413 3752 2469 zum Herzen Europas zugeſchlagen. Bulgarien
2712 2461 3747 2512 habe ſich der engliſchen Außenpolitik entzogen
2714 2506 3751 2559 und der Kampf gegen Jugoſlawien habe die
2716 2554 3751 2609 Fahnen des Reiches bis auf die Akropolis ge⸗
2710 2600 3760 2655 führt. Nun habe England einen neuen Kom⸗
2718 2646 3752 2701 plizen in Stalin gefunden. Aber auch dieſen
2720 2691 3747 2747 Verbrecher habe der Führer rechtzeitig erkannt,
2715 2741 3747 2794 und der von Deutſchland begonnene Feldzug
2722 2789 3758 2842 gegen den Bolſchewismus ſei zum Krieg der
2714 2835 3657 2887 europäiſchen Einigung geworden.
2759 2880 3756 2934 Nach zwei Jahren bereite ſich Europa heute
2715 2927 3756 2981 auf eine Zukunft der kontinentalen Einheit vor
2717 2973 3754 3026 im Glauben an die Werte der europäiſchen Zi⸗
2710 3018 3757 3070 viliſation und Kultur und mit der entſchiede ⸗
2716 3063 3752 3119 nen Ablehnung der außereuropäiſchen Einmi ⸗
2721 3122 2881 3168 ſchung.
2760 3183 3708 3254 Wir beherrschen den Ostseeraum
3056 3262 3696 3313 Berlin, 2. Sept. (HB⸗Funk)
2754 3323 3756 3374 Deutſche Seeſtreitkräfte ſind in den vergange⸗
2713 3368 3754 3420 nen Wochen erfolgreich zur Sicherung der
2714 3415 3754 3468 Nordflanke des deutſchen Vormarſches im
2707 3464 3754 3516 Oſten und zum Schutz des deutſchen und neu⸗
2713 3510 3753 3561 tralen Seeverkehrs in der Oſtſee eingeſetzt ge⸗
2704 3555 3758 3608 weſen. Der auf dem Seewege durchgeführte
2711 3603 3750 3655 Nachſchub für das deutſche Oſtheer konnte
2711 3649 3756 3703 planmäßig und ohne nennenswerte Ver⸗
2712 3697 3753 3750 luſte erfolgen. Vom erſten Tage des Krieges
2710 3743 3758 3796 an hat die deutſche Kriegsmarine die Sowjets
2714 3791 3756 3841 in die Verteidigung gedrängt und den Oſtſee⸗
2713 3840 3064 3885 raum beherrſcht.
2761 3884 3755 3935 Zahlreiche Einheiten der ſowjetiſchen Kriegs⸗
2715 3931 3758 3982 marine ſind nicht mehr zum Einſatz gekommen.
664 4053 3578 4215 So wird England systematisch bolschewisiert
874 4215 3371 4294 Ein britisch-sowjetischer Gewerkschaftsrat und eine Zeitung — Lernbegierige Heimwehr
946 4337 1498 4391 Stockholm, 2. September.
546 4396 1537 4455 Der Vorſchlag, einen gemeinſamen britiſch⸗
500 4446 1538 4504 ſowjetiſchen Gewerkſchaftsrat zu gründen,
496 4490 1545 4548 wurde am Dienstag vom Kongreß der engli⸗
503 4537 1553 4597 ſchen Gewerkſchaft in Edinburg einſtimmig an⸗
501 4581 1543 4645 genommen. Dieſe Länder ſollen mit einer glei⸗
503 4633 1542 4692 chen Anzahl von Mitgliedern in dem Rat ver⸗
502 4678 1545 4735 treten ſein. Die regelmäßigen Zuſammenkünfte
504 4724 1548 4783 follen abwechſelnd in Großbritannien und in
498 4779 1130 4828 der Sowjetunion ſtattfinden.
546 4817 1540 4874 Der Generalſekretär der britiſchen Gewerk⸗
503 4863 1547 4923 ſchaften, Sir Walter Citrine, hatte den Vor⸗
500 4913 1538 4969 ſchlag, einem Wunſche der engliſchen Regierung
503 4958 1549 5016 folgend, eingebracht. Er ſprach auf dem Kon⸗
499 5003 1549 5065 greß von dem bewunderungswürdigen ſowjeti⸗
504 5047 1547 5109 ſchen Widerſtand, der durch ſolche Taten, wie
496 5097 1542 5155 die Sprengung des Dnjepr⸗Dammes, be⸗
492 5145 1545 5201 wieſen werde. Die Gewerkſchaften haben aber
491 5192 1546 5248 offenſichtlich Angſt, daß die Komintern, denen
502 5236 1545 5295 ſie mit ihrem Entſchluß die Tür, die nach Eng⸗
499 5285 1541 5340 land führt, weit geöffnet haben, nun von innen
502 5331 1541 5388 heraus die engliſchen Gewerkſchaften erobern
494 5379 1544 5432 werden. Deshalb hat ſich Citrine im weiteren
494 5425 1536 5479 Verlauf ſeiner Ausführungen gegen die eng⸗
502 5470 1542 5527 liſch⸗kommuniſtiſche Partei gewandt. Er be⸗
498 5516 1546 5573 tonte, daß die britiſchen Gewerkſchaften nicht
499 5563 1538 5619 bereit ſeien, mit den engliſchen Kommuniſten
502 5618 962 5667 zuſammenzuarbeiten.
537 5656 1542 5712 Dieſe an ſich kleine engliſche kommuniſtiſche
501 5703 1544 5760 Partei hat ſeit der Zuſammenarbeit Churchill⸗
499 5751 1547 5804 Stalin in England einen ſtarken Auftrieb er⸗
495 5796 1546 5852 halten. Die Bemühungen Churchills, die
498 5842 1540 5898 Sowjets dem britiſchen Mittelſtand ſchmackhaft
503 5889 1542 5947 zu machen, führten unvermeidbar dazu, daß die
496 5936 1542 5992 Kommuniſten in England Auftrieb erhiel⸗
496 5983 1546 6038 ten, daß insbeſondere eine Anzahl von ſalon⸗
501 6028 1548 6082 kommuniſtiſchen Organiſationen, unterſtützt
494 6075 1547 6132 durch die Juden, eine rege Wirkſamkeit in Lon⸗
496 6121 1545 6175 don entfalten. In der engliſchen Untergrund⸗
497 6168 1539 6224 bahn fand man in den letzten Tagen Plakate,
492 6214 1544 6269 die für den Bolſchewismus warben und die
494 6261 1543 6316 Aufhebung des Verbots der kommuniſtiſchen
502 6306 1544 6365 Zeitung „Daily Worker“ forderten. Der Chef⸗
503 6354 1539 6411 redakteur des angeblich konſervativen „Daily
499 6400 1540 6458 Expreß“, der Lord Beaverbrook gehört, hat auf
501 6447 1540 6503 einer pro⸗bolſchewiſtiſchen Kundgebung bereits
497 6493 1545 6548 einen begeiſterten Lobgeſang auf die
498 6539 1542 6595 Sowjetunion gehalten. Bolſchewiſtiſche
499 6585 1542 6645 Filme laufen in zahlreichen Kinos in Eng⸗
503 6634 1541 6690 land. Das engliſche Informationsminiſterium
505 6679 1540 6738 zahlt große Beträge an bolſchewiſtiſche Schrift⸗
505 6726 1538 6783 ſteller in Moskau, die dafür Artikel zu liefern
505 6773 1546 6829 haben über das beglückende Leben in der
500 6819 1546 6875 Sowjetunion. Mit dem Geld der engliſchen Re⸗
507 6865 1539 6923 gierung wird alſo bolſchewiſtiſche Pro⸗
507 6912 1543 6970 paganda in England und USA bezahlt.
501 6959 1549 7016 Der bolſchewiſtiſche Botſchafter Maisky hat in
1605 4329 2651 4380 der Suffolkſtreet eine Propagandaausſtellung
1603 4377 2646 4426 der Sowjets eröffnet, die „angeſichts der guten
1607 4422 2649 4474 Beziehungen“ zwiſchen London und Moskau
1607 4468 2649 4520 auch von den Spitzen der Londoner Geſellſchaft
1608 4515 2649 4567 pflichtgemäß beſucht wird. Die Zeitungen be⸗
1611 4561 2647 4613 quemen ſich ſogar dazu, dieſe Ausſtellung als
1610 4607 2642 4658 eine anziehende bolſchewiſtiſche Propaganda zu
1604 4653 2648 4705 bezeichnen. Plakate, Fotos und Statiſtiken prei⸗
1610 4699 2643 4751 ſen den Engländern die Vorteile des bolſchewi⸗
1605 4752 2050 4799 ſtiſchen Regimes an.
1652 4793 2642 4841 Um einen Erſatz für das ſeit längerem verbo⸗
1610 4839 2642 4888 tene kommuniſtiſche Blatt „Daily Worker“ zu
1612 4885 2650 4937 ſchaffen, hat die Londoner Sowjetbotſchaft im
1609 4932 2651 4984 Schatten ihrer diplomatiſchen Immunität einen
1606 4978 2643 5030 umfangreichen täglichen Propagandadienſt
1608 5025 2653 5076 ſowjet⸗ruſſiſcher Meldungen ausgebaut. Wie
1605 5072 2650 5122 es heißt, wird dieſer Dienſt als Zeitung unter
1608 5117 2656 5166 dem Namen „Sovjet Warnews“ (Sowjetiſche
1608 5164 2653 5215 Kriegsneuigkeiten) laufen, von Botſchafter
1606 5210 2649 5263 Maisky perſönlich geleitet. Ihm ſtehen als Mit⸗
2713 4325 3744 4372 arbeiter Moskauer Journaliſten zur Verfügung.
2758 4372 3752 4417 Eine der Auswirkungen der ſchleichenden
2715 4418 3752 4465 Bolſchewiſierung Englands, der Churchill die
2712 4465 3751 4512 Tore geöffnet hat, iſt die Uebernahme der bol⸗
2712 4512 3746 4558 ſchewiſtiſchen Methoden des Heckenſchützenkriegs.
2715 4559 3754 4604 „Mancheſter Guardian“ meldet, die Leitung der
2708 4603 3761 4650 britiſchen Heimatwehren begrüß eifrig die
2708 4651 3754 4697 Sabotageberichte von der Oſtfront. Der Gene⸗
2711 4696 3754 4744 raldirektor der Heimatwehren, Generalmajor
2708 4744 3754 4790 Lord Bridgeman, habe erklärt, die britiſchen
2715 4789 3749 4837 Heimatwehren könnten von den Bolſchewiſten
2714 4837 3745 4883 viel lernen, weil dieſe bei ihrer Verteidigung
2714 4883 3744 4930 den allergrößten Wert auf den Heckenſchützen⸗
2705 4930 3751 4975 und Sabotagekrieg hinter den feindlichen Linien
2707 4976 3753 5022 legten. Denn gerade die Heimatwehren ſeien
2708 5023 3753 5069 im Falle einer Invaſion beſonders für den
2715 5070 3755 5115 Heckenſchützen⸗ und Sabotagekrieg geeignet. Da
2708 5115 3745 5162 muß man ſchon ſagen: eine feine Geſellſchaft
2715 5162 3748 5208 hat ſich gefunden, um ſich gegenſeitig die verbre⸗
2706 5208 3442 5254 cheriſchen Kunſtgriffe abzugucken!
2281 6864 3077 6903 Der Führer mit dem Duce an der Ostfront
1639 6906 3711 6957 Der Führer und Mussolini während ihrer gemeinsamen Besichtigungsfahrt an der Ostfront. Neben Mussolini
1637 6956 3716 7005 Generalfeldmarschall Keitel, neben dem Führer Generalfeldmarschall von Kluge. (Presse-Hofimann.)
3985 2170 4664 2260 Zwei Jahre Krieg
4212 2275 4824 2337 Mannheim, 3. September.
3862 2351 4868 2407 Wenn wir heute, da wir ins dritte Kriegs⸗
3817 2397 4871 2454 jahr eintreten, auf die Tage zurückblicken, die
3813 2445 4866 2501 der Entfachung des Weltbrandes vorausgin⸗
3819 2493 4874 2550 gen, wird es uns unheimlich klar, daß dieſer
3816 2540 4877 2597 Krieg uns wider den Willen unſerer Staats⸗
3822 2588 4866 2644 führung und ungeachtet geradezu heroiſcher
3814 2635 4871 2690 Verſuche aufgezwungen wurde, den mörderi⸗
3823 2682 4869 2738 ſchen Sturz der Lawine aufzuhalten. Gerade
3818 2729 4867 2783 weil es damals, bevor England und Frankreich
3821 2779 4871 2831 uns den Krieg erklärten, um Forderungen
3822 2824 4863 2879 ging, die heute längſt erledigt und beinahe
3816 2871 4875 2926 ſchon vergeſſen ſind, wird die Situation jener
3821 2917 4865 2973 Tage gleichſam transparent. Man ſieht durch
3822 2965 4873 3020 ſie hindurch das Triebwerk einer politiſchen
3822 3013 4873 3067 Maſchinerie, die blindlings und unaufhaltſam
3822 3060 4869 3113 ihren Weg ſtampfte — keinem Zureden, keinem
3818 3106 4865 3160 Vernunftgrund, keinem Bemühen zugänglich,
3821 3153 4875 3207 das das Unheil in letzter Minute hätte wenden
3816 3206 3984 3252 können.
3860 3261 4873 3310 Erinnern wir uns: Es ging um Danzig und
3815 3307 4866 3358 den Korridor; es ging ferner darum, den Volks⸗
3813 3354 4871 3406 deutſchen im damaligen Polen den elemen⸗
3812 3402 4874 3453 tarſten Schutz für Leib und Leben, Hab und
3812 3449 4876 3503 Gut zu ſichern. Die einzige Bedingung, die
3816 3496 4871 3546 die Reichsregierung noch in zwölfter Stunde
3812 3543 4870 3596 ſtellte, war die, daß Danzig zum Reich zurück⸗
3815 3587 4873 3640 kehre — nachdem längſt klar geworden war,
3813 3634 4876 3687 daß keine Stimme in dieſer deutſchen Stadt ſich
3811 3682 4868 3734 dagegen erheben werden, die im Herzen und in
3813 3730 4869 3782 der Haltung ihrer Bewohner längſt vollzogene
3816 3774 4868 3828 Rückkehr rechtskräftig zu machen. Das Korri⸗
3820 3824 4868 3876 dorgebiet ſollte ſelbſt über ſeine Zukunft ab⸗
3820 3866 4870 3922 ſtimmen. Nicht etwa „unter der Herrſchaft
3816 3918 4868 3969 deutſcher Bajonette“, ſondern unter der Auf⸗
3820 3966 4876 4016 ſicht einer internationalen Kommiſſion, in der
3813 4012 4880 4063 Italien, die Sowjetunion, England und Frank⸗
3812 4060 4872 4110 reich vertreten ſein ſollte. Gdingen, das heu⸗
3820 4108 4868 4158 tige Gotenhafen indeſſen — ſoweit ging das
3813 4154 4871 4205 Entgegenkommen des Reiches — ſollte von
3815 4201 4867 4251 vornherein polniſch bleiben und nicht mit ab⸗
3813 4248 4866 4298 ſtimmen. Dies alles, nachdem die Reichsregie⸗
3816 4294 4872 4347 rung ſchon am 25. Auguſt das britiſche Kabi⸗
3819 4344 4876 4392 nett hatte wiſſen laſſen, daß, wenn die pol⸗
3818 4388 4874 4441 niſche Frage im Sinne der wahrhaft großmüti⸗
3816 4438 4872 4491 gen deutſchen Vorſchläge gelöſt werde, das Reich
3813 4486 4865 4533 bereit ſei, die Exiſtenz des britiſchen Weltrei⸗
3813 4533 4874 4579 ches, nötigenfalls mit Waffenhilfe, zu garan⸗
3815 4580 4870 4627 tieren; daß es in eine Begrenzung der Rüſtun⸗
3811 4626 4862 4676 gen einwilligen und den Weſtwall als Deutſch⸗
3813 4674 4875 4725 lands endgültige Weſtgrenze anerkennen werde.
3863 4731 4884 4778 Wie Worte aus einer verſunkenen Welt
3813 4779 4875 4827 klingt es zu uns herüber: Rückkehr Danzigs;
3815 4826 4874 4874 Abſtimmung im Korridorgebiet; Garantie des
3815 4873 4875 4921 Empires und Anerkenntnis des Weſtwalls als
3810 4920 4871 4968 Weſtgrenze . . . Der Feind ſtieß die Hand zurück,
3814 4967 4870 5015 die ſich ihm damals hinſtreckte, den Frieden zu
3814 5014 4871 5062 erhalten — zum ſechſten Male, wenn man den
3811 5061 4876 5108 Biſchof von London beim Wort nimmt, der
3812 5108 4873 5155 nach dem Münchener Pakt erklärt hatte, er ſei
3812 5154 4872 5203 der Anſicht, daß England die Hand annehmen
3816 5202 4860 5250 müſſe, die jetzt zum fünften Male von Deutſch⸗
3812 5249 4865 5297 land ausgeſtreckt worden ſei. Der Feind wollte
3817 5296 4862 5345 den Krieg; er forderte das Schickſal heraus,
3813 5343 4869 5390 das mit wenigen harten Schlägen das Welt⸗
3819 5389 4873 5438 bild für alle Zeiten zertrümmerte, auf das die
3810 5436 4862 5484 Vorſchläge des Führers vom Auguſt 1939 noch
3819 5483 4238 5531 abgeſtimmt waren.
3860 5537 4860 5588 Das iſt in der Tat der weſentlichſte Gewinn,
3810 5589 4870 5635 den uns der Rückblick auf den nur zwei Jahre
3819 5634 4867 5683 zurückliegenden Sommer vermittelt: Wir erken⸗
3809 5682 4869 5731 nen, daß eine andere Welt entſtanden iſt; eine
3815 5728 4863 5778 Welt die über die Streitgegenſtände, die diplo⸗
3811 5774 4867 5827 matiſchen Diskuſſionen, die politiſchen Sorgen
3816 5823 4857 5875 jener Tage längſt hinausgewachſen iſt. Danzig,
3817 5870 4857 5920 der Korridor, Gdingen — wer denkt noch
3811 5917 4858 5968 daran? Der Verſuch des Feindes, den Krieg
3812 5963 4869 6013 vom höchſten Norden bis zum tiefſten Süden
3806 6009 4868 6060 an alle Küſten Europas zu tragen, ließ aus dem
3815 6057 4866 6109 Kampf um die Sicherung des Großdeutſchen
3808 6104 4860 6155 Reiches einen Kampf für die Sicherheit Euro⸗
3815 6152 4855 6203 pas emporwachſen. Das immer erneute Trach⸗
3816 6198 4863 6250 ten der Briten, einen Feſtlandsdegen zur Nie⸗
3808 6246 4861 6297 derwerfung des Reiches zu gewinnen, das nach⸗
3800 6291 4860 6346 einander Polen, Frankreich, Norwegen, Hol⸗
3812 6339 4864 6392 land, Belgien, Griechenland und Jugoſlawien
3813 6385 4856 6437 in den Krieg ſtürzte, zwang uns die Notwen⸗
3810 6433 4859 6486 digkeit auf, den politiſchen Einfluß des Inſel⸗
3811 6480 4860 6533 reichs auch von der letzten Scholle europäiſchen
3810 6526 4852 6579 Bodens zu verdrängen. Und vollends als die
3809 6573 4856 6626 ſowjetiſchen Armeen bereitgeſtellt worden wa⸗
3810 6621 4860 6674 ren, die blutig errungene Sicherung unſeres
3809 6669 4860 6722 Erdteils aufs neue und diesmal endgültig und
3805 6715 4852 6766 bis auf den Grund zu zerſtören, wuchs die
3804 6760 4856 6815 Aufgabe dieſes Krieges aus der Sphäre einer
3803 6810 4854 6861 nationalſtaatlichen in die der größeren, euro⸗
3800 6853 4856 6909 päiſchen Zielſetzung hinaus. Nun wurde auch
3801 6904 4856 6960 denen klar, die den tiefern, uns ſelbſt zu Be⸗
3797 6952 4860 7006 ginn des Ringens vielleicht noch verborgenen
