5181 7365
582 1224 2394 1326 DAS NATIONALSOZIALISTISCHE
3023 1218 4866 1328 KAMPFBLATT NORDWESTBADENS
550 1407 1177 1478 Donnerstag⸗Ausgabe
2052 1424 2355 1474 11. Jahrgang
3107 1430 3391 1474 Nummer 245
3931 1413 4878 1487 Mannheim, 4. September 1941
542 1649 4905 1961 Amerikas „überflüssiges“ Fett für England
677 1973 4779 2114 Roosevelt fordert neue Milliarden / Englands Enttäuschung über die magere USA-Hilfe
554 2209 1562 2299 Begrenzte Möglichkeiten
537 2315 1584 2366 (Von unserer Berliner Schriftleitung)
939 2388 1536 2437 h. h. Berlin, 3. September.
578 2449 1581 2497 Das Bild, das einen Ueberblick über die
529 2497 1584 2544 angelſächſiſchen Beziehungen der letzten Zeit
528 2544 1580 2590 vermittelt, zeigt etwa folgende Züge: Die eng⸗
531 2590 1582 2637 liſchen Erwartungen, die mit der Atlantik⸗Kon⸗
531 2637 1579 2684 ferenz verknüpft wurden, ſind enttäuſcht.
533 2683 1581 2730 Man hoffte auf einen Kriegseintritt Amerikas
527 2731 1576 2777 und erhielt nichts als die Zuſage Rooſevelts,
536 2775 1580 2824 größere Anſtrengungen in der Rüſtungsproduk⸗
527 2824 1579 2871 tion zu machen und ſich in einer polemiſchen
528 2871 1574 2918 Aktion, die von Moskau entlehnt zu ſein ſcheint,
528 2917 1581 2964 an der Propaganda gegen den Nationalſozialis⸗
529 2963 1583 3011 mus zu beteiligen. Nun muß ſich England in
535 3009 1579 3056 ſeiner Enttäuſchung wiederfinden und gleichzei⸗
528 3056 1581 3104 tig verſuchen, die durch eine Unzahl techniſcher
525 3103 1581 3150 Schwierigkeiten in den USA verurſachten Ver⸗
533 3151 1582 3197 zögerungen und die hinter den Erwartungen
532 3193 1577 3243 zurückbleibenden Rüſtungslieferungen dem Volk
524 3241 1581 3288 verſtändlich zu machen. So ſprach Attlee in
530 3285 1578 3335 einer Rede zum erſtenmal offiziell aus, daß bei
527 3335 1576 3382 aller Hilfsbereitſchaft für die Bolſchewiſten die
528 3381 1577 3428 „tatſächlich zur Verfügung ſtehenden Mittel“
526 3427 1578 3476 begrenzt ſeien und daß eine Lieferung nach
524 3475 1580 3522 der Sowjetunion auch durch geographiſche Tat⸗
530 3521 1578 3569 ſachen erſchwert werde. Dieſe Einſchrän⸗
529 3566 1573 3616 kung macht Attlee, nachdem ſich England durch
526 3613 1578 3658 den brutalen Ueberfall auf den Iran jetzt alle
529 3659 1569 3708 Möglichkeiten geſchaffen hat. die „geographiſchen
527 3707 1570 3754 Tatſachen“ zu überwinden! Daraus ergibt ſich,
526 3754 1573 3803 daß die Prduktion auch nach der Oeffnung der
527 3799 1571 3846 Transportwege nicht ausreicht, um die demo⸗
526 3846 1574 3893 kratiſch⸗ſowjetiſchen Verbündeten mit genügen⸗
526 3894 1134 3939 dem Material zu verſehen.
569 3948 1570 3996 Es iſt begreiflich, wenn die Engländer ſich
528 3995 1576 4044 fragen, wer die Schuld an dieſem Mangel und
522 4042 1577 4090 an den Fehldiſpoſitionen trägt. Der Londoner
524 4088 1577 4135 Korreſpondent der „New York Times“, Ro⸗
522 4135 1575 4182 bert Poſt, ſagt: „Die Durchſchnittsengländer
529 4182 1575 4231 fragen ſich, warum die Vereinigten Staaten
524 4229 1576 4277 nicht mehr tun. Sie fragen erſtens: wann
522 4274 1566 4323 wird der große Verteidiger der Demokratie,
526 4321 1571 4371 Präſident Rooſevelt, genau ſo amerikaniſches
521 4367 1576 4417 Blut vergießen, wie England es mit dem eige⸗
521 4413 1574 4463 nen tut, und zweitens: welche tatſächliche Hilfe
522 4461 1572 4510 erhält England nun eigentlich?“ Außer der
524 4507 1573 4557 „New York Times“ berichten auch ſchwediſche
525 4553 1576 4605 Zeitungen über die britiſche Enttäuſchung. Die
525 4600 1576 4653 letzte Rede Rooſevelts, ſo heißt es dort, hat
526 4647 1575 4696 keine Klärung der erheblichen Spannun⸗
525 4693 1572 4745 gen zwiſchen dem USA⸗Kongreß und dem
524 4740 1572 4791 Präſidenten gebracht. Der Wutanfall, den
527 4786 1570 4837 Rooſevelt an Bord der „Potomac“ bei der
521 4833 1575 4884 Nachricht von der Einſtimmenmehrheit anläß⸗
519 4880 1570 4931 lich des Dienſtzeitverlängerungsgeſetzes über⸗
523 4926 1572 4976 kam, ſei noch in aller Erinnerung. Rooſevelt
522 4972 1568 5023 müſſe ſich jetzt erſt wieder mit dem Kongreß
521 5019 1570 5070 auseinanderſetzen, ehe er ſeine Politik auf den
522 5067 1296 5115 alten Bahnen weiterführen könne.
564 5113 1563 5163 Rooſevelt gab auf der letzten Preſſekonferenz
1649 2213 2689 2264 neue Pläne für die von London ſo dringend er⸗
1650 2261 2686 2310 betene Beſchleunigung der amerikaniſchen
1648 2306 2683 2357 Rüſtung bekannt. Kongreßkreiſe ſagen aus,
1648 2354 2689 2404 daß dieſes neue Programm, das bis ſpäteſtens
1649 2398 2689 2451 Anfang dieſer Woche als Zuſatz zum Pacht⸗
1648 2449 2683 2497 und Leihgeſetz verkündet werde, auf etwa fünf
1651 2494 2683 2545 Milliarden Dollar kommen würde. Rooſevelt
1651 2538 2686 2591 ſelbſt gab die Höhe des von ihm geforderten
1651 2589 2686 2639 Kredits noch nicht bekannt. Er ließ jedoch
1650 2635 2685 2684 durchblicken, daß auch für die Heimatverteidi⸗
1648 2684 2685 2731 gungsmaßnahmen neue Mittel gefordert wer⸗
1648 2729 2684 2778 den müßten, ſo daß die geſamte Höhe der Rü⸗
1651 2775 2686 2824 ſtungsausgaben, die jetzt ſchon etwa 50 Milliar⸗
1645 2824 2681 2870 den Dollar betragen, noch weiter ſteigen wird.
1692 2869 2687 2919 Rooſevelt warnte die Nation, die für die Zi⸗
1648 2917 2688 2965 vilbevölkerung zu erwartenden Laſten leicht zu
1647 2964 2687 3012 nehmen. Der zivile Verbraucher werde die
2759 2216 3796 2265 neue Belaſtung raſch fühlen. Die Regierung
2758 2264 3797 2311 könne ſie dadurch erleichtern, daß ſie in größe⸗
2755 2312 3791 2357 rem Umfange als bisher vorhandene „zivile“
2761 2357 3796 2403 Fabriken verwende, anſtatt neue Werksanlagen
2757 2405 3794 2451 bauen zu laſſen. Man werde die Rüſtungs⸗
2755 2451 3797 2499 aufträge künftig beſſer als bisher auf die ſchon
2754 2497 3647 2543 beſtehenden kleinen Fabriken verteilen.
2799 2545 3800 2590 Vizepräſident Welles erklärte in ſeiner Ei⸗
2759 2591 3794 2641 genſchaft als Präſident des neuen Verteidi⸗
2755 2639 3793 2684 gungsrates, für die Vereinigten Staaten werde
2753 2684 3793 2731 jetzt die Zeit kommen, „ſich alles überflüſſige
2755 2732 3792 2777 Fett abzuarbeiten und die Muskeln zu härten“.
2754 2778 3796 2825 In Zukunft müſſe jeder Mann und jede Ma⸗
2752 2824 3791 2871 ſchine mobiliſiert werden, um lebenswichtige
2752 2872 3792 2918 und militäriſche Bedürfnniſſe zu befriedigen.
2751 2918 3797 2964 Die weniger wichtigen Induſtrien müßten daher
2750 2965 3440 3011 der Rüſtungsinduſtrie weichen.
1831 3088 3594 3206 Türkei ist empört über die USA
1860 3210 3551 3280 Washingtoner Zeitung fordert Internationalisierung Istanbuls
1726 3311 2600 3358 (Drahtbericht unserer Berliner Schriftleitung)
2032 3378 2638 3427 G. S. Berlin, 3. September.
1700 3450 2684 3499 „Die nordamerikaniſche Preſſe ermuntert offen
1640 3498 2684 3547 zu einem Anſchlag gegen die Neutralität und
1637 3544 2684 3595 Integrität der türkiſchen Republik. Sollte man
1641 3590 2684 3638 ſolche Anſchläge verſuchen, ſo werden wir die
1643 3636 2679 3686 gebührende Antwort geben“, ſchreibt am Mitt⸗
1642 3684 2686 3732 woch voller Entrüſtung die größte türkiſche
1639 3729 2684 3783 Zeitung „Cumhuriyet“. Anlaß für die offen⸗
1639 3779 2681 3829 kundige Empörung in der Türkei. die
1638 3823 2680 3874 ihren Niederſchlag in vielen türkiſchen Zeitun⸗
1637 3873 2680 3921 gen findet, hat ein Artikel der in Waſhington
1640 3919 2681 3969 erſcheinenden Zeitung „Star“ gegeben, außer⸗
1639 3966 2674 4013 dem ein durch die nordamerikaniſche Agentur
1637 4013 2682 4062 United Preß veröffentlichter Artikel des ehe⸗
1634 4062 2681 4110 maligen Generalſtabchefs der USA⸗Flotte, Ad⸗
1641 4108 2684 4156 miral Stirling. Auch die amtliche türkiſche
1636 4155 2679 4204 Nachrichtenagentur hat dieſen Artikel des
1640 4201 2677 4251 „Star“ und Antworten türkiſcher Blätter darauf
1634 4250 2680 4298 veröffentlicht, um damit wohl zu dokumen⸗
1639 4296 2676 4346 tieren, daß man von ſeiten der türkiſchen Re⸗
1639 4344 2436 4394 gierung den Fall nicht leicht nimmt.
1678 4402 2680 4452 Der Waſhingtoner „Star“ hatte geſchrieben:
1639 4449 2680 4498 „Man hat es für notwendig gefunden, zum
1633 4497 2681 4546 Ausdruck zu bringen, daß die Sowjetunion
1634 4544 2679 4593 einen Ausgang zu den Meeren braucht, der ihr
1632 4591 2677 4639 den Verkehr mit den anderen Teilen der Welt
1630 4638 2679 4687 ermöglicht. Rußland hatte das Privileg der
1637 4686 2680 4735 Herrſchaft über die Meerengen erreicht, wurde
1632 4728 2681 4781 aber der Früchte ſeines Sieges beraubt. Auf
1631 4779 2679 4827 dem Berliner Kongreß 1878 wurde der Verſuch
1632 4826 2681 4876 der Ruſſen, Iſtanbul in ihren Beſitz zu brin⸗
1633 4873 2678 4922 gen, zum Stillſtand gebracht. Auch die Kon⸗
1637 4920 2675 4969 ferenz von Verſailles hat die Verwirklichung
1637 4967 2678 5016 eines weiteren ruſſiſchen Verſuchs verhindert.
1636 5014 2678 5061 Gemäß der Anſicht von Beobachtern würde es
1629 5062 2676 5111 zum Nutzen der ganzen ziviliſierten Welt ge⸗
1631 5108 2675 5156 weſen ſein, wenn Iſtanbul vor einem Jahr⸗
2754 3312 3789 3359 hundert bereits für immer in eine internatio⸗
2744 3358 3607 3406 nale Zone umgewandelt worden wäre.
2791 3414 3790 3466 Wenn der gegenwärtige Kampf beendet ſein
2745 3463 3784 3512 wird und die Männer ſich zuſammenſetzen wer⸗
2745 3513 3789 3559 den, um das 8⸗Punkte⸗Programm im Inter⸗
2745 3558 3790 3607 eſſe des Friedens durchzuführen, dann wird
2744 3605 3788 3655 auch dieſe Frage erörtert werden und zwar in
2749 3652 3770 3702 einer ſelbſt für die Türkei vorteilhaften Form.
2748 3699 3792 3747 Admiral Stirling hatte in ſeinem Artikel einen
2745 3747 3789 3795 Angriff der britiſchen Flotte gegen
2744 3793 3790 3844 die türkiſche Meerenge als nötig bezeichnet.
2790 3852 3788 3900 Die offiziöſe türkiſche Zeitung „Ulus“ in
2745 3899 3789 3947 Ankara veröffentlichte am Mittwoch genau wie
2742 3947 3781 3993 die eingangs genannte Zeitung „Cumhuriyet“
2745 3994 3788 4040 einen außerordentlich ſcharfen Leitartikel ihres
2742 4038 3789 4086 Chefredakteurs gegen die nordamerikaniſchen
2742 4086 3792 4136 Auslaſſungen. Die Zeitung „Radio“ in Ankara
2744 4133 3787 4182 ſchreibt: „Wir können nur über dieſe Anſicht
2742 4182 3789 4228 einer nordamerikaniſchen Zeitung erſtaunt
2745 4229 3791 4276 ſein. Es würde vielleicht nicht unrichtig ſein
2743 4275 3789 4323 zu ſagen, daß es ſich in dieſem Falle um ein
2742 4323 3790 4369 Komplott handelt, wenn es nicht den Aus⸗
2740 4370 3788 4418 druck von Unwiſſenheit iſt. Welchen Nutzen
2748 4417 3787 4464 hofft das Blatt aus derart ſchädlichen Artikeln
2749 4464 3790 4513 zu ziehen? Welche Intereſſen verfolgt dieſer
2749 4512 3283 4559 provokatoriſche Artikel?“
2811 4615 3723 4689 Mannerheim dankt dem Führer
3098 4710 3726 4760 Helſinki, 3. Sept. HB⸗Funk.)
2792 4780 3777 4830 Feldmarſchall Mannerheim richtete an den
2745 4827 3785 4874 Führer ein Telegramm, in dem er ſich für die
2745 4873 3785 4922 Ehre bedankt, die ihm und dem finniſchen Heer
2737 4920 3786 4969 durch die Verleihung der hohen Kriegsauszeich⸗
2744 4968 3781 5015 nung (Ritterkreuz) widerfahren ſei. Er ſehe in
2736 5014 3786 5064 der Auszeichnung eine Anerkennung des Anteils
2738 5061 3783 5107 der finniſchen Armee in dem gemeinſamen
2741 5105 3783 5154 Kampf zur Vernichtung des Bolſchewismus.
830 5218 3476 5369 Einkreisung bedroht Japans Lebenslinie
701 5381 3600 5453 Einzelheiten von militärischer japanischer Seite / Konoye und der Groß-Japanbund / Futschou geräumt
793 5495 1526 5553 Tokio, 3. September. (HB⸗Funk.)
567 5570 1560 5620 Am Montag ſuchten der Leiter des „Groß⸗
525 5617 1564 5669 Japanbundes für ein neues Oſtaſien“, der frü⸗
525 5663 1568 5714 here Premierminiſter General Hajaſhi, und
520 5711 1566 5761 der Generalſekretär der Vereinigung, der frühere
520 5758 1568 5806 Verkehrsminiſter, den Miniſterpräſidenten Für⸗
524 5804 1569 5854 ſten Konoye auf, wobei ſie ihm vorſchlugen, die
526 5852 1572 5899 Kabinettspolitik u. a. über folgende für Japan
526 5899 1516 5948 ſehr wichtige Angelegenheiten durchzuführen:
563 5969 1566 6018 Die gemeinſame Außenpolitik der Achſenlän⸗
518 6014 1566 6064 der Japan, Deutſchland, Italien unverändert
524 6061 1568 6112 beizubehalten, die Neuordnung Oſtaſiens durch⸗
525 6109 1566 6160 zuführen ſowie das Selbſtverteidigungsrecht in
521 6154 1565 6203 den japaniſchen Gewäſſern anzuwenden. Bei
518 6201 1566 6249 der Generalverſammlung der genannten Ver⸗
524 6248 1565 6298 einigung am 2. September, die in Tokio abge⸗
525 6295 1566 6343 halten wurde, wurde bekanntgegeben, daß Fürſt
522 6342 1566 6390 Konoye ſich mit den Vorſchlägen einverſtanden
519 6392 803 6440 erklärt hätte.
566 6459 1563 6506 Aus japaniſchen Militär⸗ und Marinekreiſen
522 6506 1566 6553 in China verlautet, daß die japaniſchen Trup⸗
522 6551 1566 6601 pen die an der Küſte der Provinz Fukien ge⸗
522 6599 1564 6648 legene Hafenſtadt Futſchou räumen. Es wird
520 6646 1567 6693 hervorgehoben, daß die Räumung nicht infolge
521 6693 1565 6740 des Feinddruckes geſchehe, ſondern auf den frei⸗
521 6739 1564 6787 willigen Entſchluß des japaniſchen Kommandos
527 6786 1558 6834 zurückzuführen ſei, die Truppen anderweitig
521 6836 770 6879 einzuſetzen.
570 6891 1562 6940 „Die USA iſt die treibende Kraft der großen
523 6938 1564 6984 gegen Japan gerichteten Einkreiſungsfront, die
523 6983 1565 7028 über 200 Kriegsſchiffe, 1250 Flugzeuge und
1629 5494 2676 5540 250 000 Mann außer der Armee Tſchiangkai⸗
1634 5542 2672 5589 ſcheks verfügen kann“, erkärte Fregattenkapitän
1630 5589 2673 5635 Tominaga vor der Nachrichtenabteilung des
1629 5635 2671 5682 Kaiſerlichen Hauptquartiers in einem Rund⸗
1630 5682 2666 5728 funkvortrag, über den wir bereits kurz be⸗
1629 5730 2669 5775 richtet haben. Japan könne unmöglich dieſe Ein⸗
1629 5776 2673 5822 kreiſungsfront überſehen, insbeſondere nicht die
1628 5821 2672 5867 Tatſache, daß die japaniſche Lebens⸗
1628 5870 2111 5913 linie bedroht ſei.
1675 5915 2670 5960 Tominaga gab ſodann aufſchlußreiche Ein⸗
1634 5962 2673 6007 zelheiten über die Entſtehung der ABCD⸗
1630 6008 2675 6053 Front USA⸗Großbritannien. Tſchungking⸗Nie⸗
1630 6055 2670 6099 derländiſch⸗Indien, die eine weitere Verſtär⸗
1627 6101 2674 6146 kung durch die Sowjetunion und im Südpazifik
1631 6148 2670 6191 durch Auſtralien und Neuſeeland erfahren habe.
1673 6193 2670 6238 Der Zweck dieſer Front ſei die Herbeiführung
1625 6240 2670 6285 einer Hegemonie über den Pazifik und Oſtaſien
1629 6287 2671 6332 unter Lahmlegung Japans. Im Februar hät⸗
1626 6333 2667 6377 ten ſich die USA, England und Auſtralien über
1627 6380 2666 6425 militäriſche Maßnahmen im Pazifik verſtändigt
1631 6426 2661 6472 unter Einſchluß Niederländiſch⸗Indiens. Gleich⸗
1632 6473 2668 6518 zeitig ſei in Manila ein militäriſcher Plan
1627 6518 2662 6564 ausgearbeitet worden, und im Juni hätten ſich
1631 6565 2661 6612 die Beſprechungen zu einem Militärabkommen
1631 6613 2667 6659 zwiſchen den USA, England, Tſchungking ver⸗
1624 6659 2668 6705 dichtet, während ein Sonderabkommen zwiſchen
1629 6705 2668 6751 England und Tſchungking eine gemeinſame Ver⸗
1625 6751 2668 6798 teidigung von Burma und Malaya vorſähe.
1626 6798 2665 6844 Die Rolle der USA werde mehr und mehr aus⸗
1631 6844 2668 6892 ſchlaggebend für die Einkreiſungsbeſtrebungen
1631 6890 2661 6937 ſein, nachdem Waſhington ſich entſchloſſen habe,
1627 6937 2664 6983 militäriſche Berater und Beobachter nach dem
1631 6983 2669 7031 Fernen Oſten zu entſenden. Die Vereinigten
2737 5491 3776 5540 Staaten bemühten ſich beſonders, Flugſtütz⸗
2740 5538 3777 5586 punkte in Südchina und Niederländiſch⸗Indien
2735 5585 3777 5631 unter Anlehnung an die Philippinen und
2734 5631 3777 5677 Singapur zu erhalten. Darüber hinaus habe
2741 5679 3772 5725 Amerika eine Zentrale in Rangun für den
2737 5725 3774 5773 Ausbau von Flugſtützpunkten in China einge⸗
2733 5771 3773 5819 richtet. Alles deute darauf hin, daß für die Ge⸗
2739 5818 3777 5864 ſamtfront Singapur als Hauptquar⸗
2739 5864 3270 5911 tier eingerichtet werde.
2784 5933 3770 5980 Gleichzeitig erinnert Tominaga an die Statio⸗
2735 5980 3775 6026 nierung auſtraliſcher Truppen in Malaya
2738 6027 3775 6073 und an die Aufſtellung einer philippiniſchen
2734 6073 3769 6118 Armee unter nordamerikaniſchem Kommando.
2737 6118 3774 6168 In Singapur ſeien von engliſcher Seite ſechs
2734 6165 3775 6212 Kreuzer, ſechs Zerſtörer ſowie Torpedoflotten
2737 6211 3768 6260 ſtationiert, während die Landkräfte etwa 70 000
2735 6257 3531 6305 Mann mit 500 Flugzeugen betragen.
2782 6314 3774 6364 In Burma ſeien 35 000 Mann zuſammen⸗
2737 6363 3770 6411 gezogen, während bei den Philippinen zwei
2731 6409 3775 6457 Kreuzer, vierzehn Zerſtörer, ſiebzehn U⸗Boote
2733 6456 3766 6505 und etwa 12 Hilfsſchiffe zuſammengezogen
2735 6501 3766 6550 ſeien. Niederländiſch⸗Indien verfüge über etwa
2733 6548 3773 6597 achtzig Kriegsſchiffe, 500 Flugzeuge und eine
2734 6594 3765 6645 10 000⸗Mann⸗Armee. Die USA würden Tſchung⸗
2734 6640 3765 6691 king nach und nach mit 300 Bombern verſorgen,
2729 6687 3768 6737 abgeſehen von der Neueinrichtung einer beſon⸗
2734 6734 3507 6783 deren militäriſchen Beratungsſtelle.
2774 6803 3772 6855 Der Vortrag Tominagas hat um ſo größere
2729 6849 3766 6898 Bedeutung, als ſich da zum erſten Male ein
2729 6895 3768 6947 Vertreter der Marine zu der militäriſchen Lage
2729 6941 3768 6991 im Fernen Oſten geäußert und poſitive An⸗
2732 6988 3769 7040 gaben über die Einkreiſungsfront gemacht hat.
3865 2214 4911 2303 Techniker-Politiker-Soldat
3932 2329 4845 2384 Zum 50. Geburtstag von Reichsminiſter
4026 2382 4749 2432 Dr. Todt am 4. September 1941
4292 2453 4862 2501 Mannheim, 3. September
3915 2520 4907 2573 „Technik iſt die Wahl der Mittel bei gegebe⸗
3862 2568 4906 2618 nen Zielen.“ Werner Sombart hat dieſe Be⸗
3866 2615 4909 2665 griffsbeſtimmung der Technik zu einer Zeit ge⸗
4027 4284 4731 4330 Reichsminister Prof. Dr. Fritz Todt
3860 4339 4905 4384 der Schöpfer der Reichsautobahnen, des Westwalls und der
3860 4382 4905 4427 „Organisation Todt“, Träger des „Deutschen National-
3854 4423 4903 4468 preises“ für 1938, begeht am 4. September 1941 seinen
3859 4463 4900 4512 50. Geburtstag. (Atlantic-Pressebild)
3858 4554 4901 4610 prägt, die ſich ſelbſt gerne als Epoche der Tech⸗
3851 4603 4898 4655 nik bezeichnete, und hat entſprechend die
3851 4647 4896 4706 Wirtſchaft „Wahl des Zieles bei gegebenen
3851 4696 4898 4752 Mitteln“ genannt. Man mag über die Berech⸗
3843 4742 4899 4798 tigung ſolcher Formulierungen verſchiedener
3854 4789 4901 4847 Meinung ſein, und mag insbeſondere anzwei⸗
3853 4835 4896 4892 feln, ob ſie erſchöpfend ſind, wir führen ſie an,
3848 4884 4897 4939 weil ſie uns helfen können, den Weſenswandel
3845 4930 4898 4987 aufzuzeigen, den die Technik ſeitdem durchge⸗
3846 4977 4896 5033 macht hat. Die Technik ſetzt Ziele als gegeben
3850 5026 4898 5080 voraus. Wer hat dieſe Ziele aufgeſtellt? Gerade
3847 5068 4900 5127 im Zeitalter der Technik war es der Erfinder
3848 5117 4894 5175 ſelbſt, der Ingenieur, der ſich ſein Ziel aufrich⸗
3847 5165 4898 5220 tete und mit fanatiſchem Eifer beſtrebt war, die
3848 5211 4895 5269 rechten Mittel zu ſeiner Erreichung zu finden.
3849 5258 4896 5312 Wir ſind ſtolz darauf, daß Deutſchland an
3851 5305 4899 5361 genialen Köpfen war, die in harter Werk⸗
3849 5354 4892 5408 mannsarbeit ihre techniſchen Erfolge errangen,
3848 5398 4892 5455 aber die Mitwelt oder der Staat haben ihnen
3845 5442 4897 5498 ihren Weg nicht leicht gemacht. Die Lebens⸗
3847 5491 4895 5547 geſchichte aller dieſer großen Techniker iſt eine
3845 5538 4895 5594 Kette von Kämpfen gegen Mißtrauen und Un⸗
3845 5585 4893 5641 verſtand, und unendlich viele, von denen kein
3844 5631 4890 5688 Buch kündet, ſcheiterten. Es iſt kein Wunder,
3837 5676 4893 5733 daß dieſe Männer, deren Lebensenergie ihrem
3843 5721 4893 5781 Werk galt, und die ſich in ſtändigem Widerſtreit
3843 5773 4883 5829 mit ihrer Umwelt ſahen, Einzelgänger wurden,
3842 5818 4890 5872 und nur ihren techniſchen Aufgaben lebten. An
3844 5863 4888 5919 der Frageſtellung der Wirtſchaft: „Was kann
3843 5913 4886 5967 man mit den vorhandenen Gütern anfangen?“,
3844 5954 4887 6016 beteiligten ſich die Mitmenſchen lebhaft, auch
3841 6001 4891 6062 der Staat hatte ſeine zahlreichen wirtſchaft⸗
3843 6050 4888 6107 lichen Aufgaben. Die Technik blieb trotz ihren
3838 6098 4882 6152 großen Leiſtungen ein Stiefkind und die
3842 6143 4841 6196 Oeffentlichkeit ſprach mit Schauder von ein
3846 6191 4292 6241 „techniſierten“ Welt.
3884 6248 4886 6307 Der Nationalſozialismus hat es geradezu als
3838 6292 4887 6354 Aufgabe der Politik angeſprochen, Ziele zu ſet⸗
3842 6343 4887 6399 zen für jedes Gebiet nationaler Tätigkeit, und
3842 6388 4888 6445 natürlich auch für die des Ingenieurs. So
3844 6435 4882 6493 wurde Technik im weiteſten Sinne an die
3843 6481 4884 6538 Stelle gerückt, die ihr mit Fug gebührte. Aber
3841 6529 4888 6587 mit ſeinen Aufgaben mußte ſich auch der Tech⸗
3834 6573 4886 6634 niker wandeln; er mußte Träger und Funktion
3836 6622 4883 6681 der Gemeinſchaft ſein, er mußte ſelbſt den poli⸗
3832 6669 4885 6727 tiſchen Schwung ſeiner Aufgabe übernehmen
3832 6715 4892 6774 und vervielfältigt weitergeben können, er mußte
3836 6762 4885 6823 Soldat und Organiſator ſein. Man kann Per⸗
3831 6808 4885 6866 ſon und Arbeitsweiſe des neuen Technikers
3829 6853 4876 6915 nicht beſſer darſtellen, als in Dr.⸗Ing. Fritz
3833 6899 4882 6962 Todt, der als Leiter des Hauptamtes für Tech⸗
3832 6949 4879 7005 nik der NSDAP von der Partei ſelbſt als Re⸗
3827 6995 4873 7055 präſentant der Technik herausgeſtellt worden
