5188 7368
576 1258 2386 1379 DAS NATIONALSOZIALISTISCHE
3022 1205 4865 1343 KAMPFBLATT NORDWESTBADENS
539 1455 1096 1531 Dienstag⸗Ausgabe
1990 1453 2285 1502 Nummer 243
3103 1439 3404 1493 11. Jahrgang
3956 1403 4905 1489 Mannheim, 2. September 1941
961 1655 4498 1982 Alarmierende britische Hilferufe
534 1970 4925 2144 Offene und versteckte Vorwürfe an die USA / Krampfhafte Aufmunterungsversuche der Presse
649 2251 1479 2328 Sowjethilfe in weiter Ferne
538 2341 1595 2402 (Eigene Drahtmeldung unserer Berliner Schriftleitung)
930 2416 1550 2465 H. H. Berlin, 1. September.
579 2470 1587 2522 Die Dreimächtekonferenz in Moskau, die als
530 2516 1591 2570 eines der bedeutendſten Ergebniſſe des Atlantik⸗
533 2565 1587 2619 treffens zwiſchen Churchill und Rooſevelt be⸗
536 2610 1587 2669 reits große Vorſchußlorbeeren erhielt, muß nach
532 2660 1590 2715 einer Meldung des „Svenska Dagbladet“ aus
535 2705 1593 2762 London auf einen noch unbeſtimmten Termin
530 2752 1596 2811 verſchoben werden. Die Begründungen zu die⸗
536 2798 1594 2859 ſer Verſchiebung bemühen ſich krampfhaft, die
529 2847 1596 2907 wahren Urſachen zu verſchleiern, nämlich die
531 2895 1595 2954 Unmöglichkeit einer wirkſamen
532 2943 1597 3001 Waffenhilfe Englands und der
535 2989 1590 3047 USA für die Sowjetunion. Eden, ſo heißt es,
535 3035 1591 3095 ſei in der letzten Zeit zu ſehr mit den Verhält⸗
533 3083 1594 3142 niſſen im Iran beſchäftigt geweſen, als daß er
535 3131 1593 3190 ſich dem Problem der Moskauer Konferenz
533 3179 1585 3237 hätte zuwenden können. Weiter erklärt man,
534 3223 1589 3285 daß London und Waſhington ſich bis jetzt noch
534 3271 1597 3332 nicht klar über das Verhältnis zwiſchen Groß⸗
534 3319 1594 3378 mächten und kleineren Nationen nach dem
533 3362 1592 3426 Kriege ſeien. Mit dieſer Ausflucht in eine poli⸗
533 3410 1594 3472 tiſche Problematik will man ſich über das Di⸗
530 3461 1593 3517 lemma der ungenügenden Rüſtungslieferungen
536 3518 845 3568 hinweghelfen.
583 3566 1598 3622 Die Aeußerungen Edens in ſeiner Rede zum
538 3612 1596 3672 Wochenende, daß die amerikaniſche Rüſtungs⸗
538 3657 1596 3720 produktion nicht ausreiche zur vollen Befrie⸗
535 3706 1595 3768 digung aller britiſchen Bedürfniſſe, geben nun
540 3752 1598 3812 allen Bedenken freien Lauf, die die engliſche
536 3800 1599 3860 reſſe bisher unterdrücken zu müſſen glaubte.
540 3846 1598 3906 Laut erheben ſich die Stimmen der Sorge. Das
542 3892 1598 3953 Mißvergnügen über die mangelnde Kriegsbe⸗
537 3942 1598 4001 reitſchaft des amerikaniſchen Volkes findet un⸗
538 3986 1604 4048 verhohlenen Ausdruck. So beginnt die „Sun⸗
542 4035 1600 4095 day Times“ ihren Leitartikel mit dem offe⸗
541 4082 1599 4140 nen Vorwurf: „Heute wollen wir zum nord⸗
539 4128 1600 4188 amerikaniſchen Volk ſprechen und offen unſere
545 4173 1601 4239 Unzufriedenheit mit den nordamerikaniſchen
541 4222 1606 4283 Kriegsanſtrengungen erklären“. Das Blatt geht
544 4268 1605 4330 ſo weit England, das ſelbſtverſtändlich als der
540 4316 1603 4378 einzige Vertreter der Ziviliſation hingeſtellt
544 4367 1604 4423 wird, als einen Ertrinkenden zu bezeichnen, zu
547 4412 1602 4470 deſſen Rettung es nicht genüge, ihm vom Land
546 4461 1605 4518 aus einen Ring zuzuwerfen, dieſen heranzu⸗
546 4507 1600 4567 ziehen und dem Ertrinkenden nach ſeiner Ret⸗
544 4554 1604 4612 tung trockene Kleider zu verſprechen. „Die See
548 4599 1603 4660 geht hoch und wir glauben, es kann nicht ſo
545 4649 1603 4704 ſchwer ſein für die USA, wenigſtens bis zur
545 4693 1601 4753 Mitte uns entgegenzukommen und ihr ſtarke
1651 2238 2704 2293 Hand auszuſtrecken“. Dann folgt die direkte
1652 2286 2702 2336 Kritik an der USA⸗Rüſtungsproduktion. „Nur
1654 2333 2700 2384 ein Bruchteil der nordamerikaniſchen Induſtrie
1656 2380 2699 2432 iſt für die Kriegsproduktion eingeſetz. und ſelbſt
1649 2428 2701 2480 dieſer Bruchteil arbeitet mit vielen Verzöge⸗
1652 2475 2703 2528 rungen und Störungen. Wie iſt es beiſpiels⸗
1650 2522 2700 2575 weiſe möglich, daß nach zwei Jahren Krieg
1651 2570 2702 2620 die nordamerikaniſche Flugzeugproduktion nur
1648 2616 2702 2670 einen ſo geringen Stand wie 1500 Maſchinen
1648 2667 2245 2717 monatlich verzeichnet hat?
1699 2719 2702 2777 Zu dieſer alarmierenden Fanfare geſellen ſich
1652 2769 2702 2823 noch die Klagerufe über die unzulängliche
1654 2815 2701 2870 eigene britiſche Produktion. „Daily Telegraph“
1658 2862 2703 2915 erklärt: „Unſere eigenen Anſtrengungen müſſen
1654 2908 2704 2963 noch mehr angeſpannt und wirkſamer organi⸗
1657 2959 2704 3012 ſiert werden, denn ſollte die Erzeugung ver⸗
2766 2225 3806 2283 ſagen, wäre alles verloren“. Und die „Daily
2769 2272 3809 2328 Mail“ beſchwört das britiſche Volk, nun beim
2769 2319 3811 2375 Eintritt in das dritte Kriegsjahr jene Art
2766 2368 3811 2423 Lethargie abzuſchütteln, die ſich inzwiſchen
2766 2415 3810 2470 breit gemacht habe, und glaube, daß England
2765 2463 3808 2515 durch Worte alles erreichen könnte und nur
2767 2509 3807 2565 ſtill ſitzen müſſe, bis „die Pflaumen des Sieges
2767 2555 3810 2610 in ſeinen offenen Mund fielen“. Das Blatt
2768 2601 3808 2658 fährt fort: „Niemand weiß, wie lange noch
2768 2649 3813 2704 dieſe von Gott gegebene Ruhepauſe dauert. Die
2771 2696 3815 2753 größte Laſt aber wird auch in Zukunft auf den
2772 2744 3810 2800 Schultern Großbritanniens liegen. Wenn der
2770 2791 3810 2846 verheißungsvolle Preis eines wirklichen Sieges
2769 2838 3812 2892 gewonnen werden ſolle, müßten die Anſtren⸗
2771 2883 3812 2941 gungen verſtärkt werden“. Nach einem Aufruf
3218 2940 3809 2994 Fortsetzung siehe Seite 2
1700 3056 3749 3203 Japanische Hauptziele unverrückbar
1965 3190 3508 3263 USA-Politik in Fernost gegenüber Japan federführend
2139 3272 3333 3328 (Telegrafischer Bericht unseres Vertreters)
2198 3365 2663 3423 Tokio, 1. September.
1695 3446 2708 3505 In rückſchauenden Betrachtungen erneuert die
1658 3493 2706 3551 japaniſche Preſſe das Gelöbnis feſter Verbun⸗
1657 3541 2707 3597 denheit mit dem Dreimächtepakt und bekräftigt
1654 3587 2705 3641 die Unverrückbarkeit der japani⸗
1657 3630 2706 3685 ſchen Hauptzlele.“ Die Vollendung des
1658 3673 2705 3733 China⸗Vorhabens und die Schaffung des oſt⸗
1658 3721 2709 3779 aſiatiſchen Wirtſchaftsraums unter japaniſcher
1658 3767 2709 3827 Führung ſtehen an erſter Stelle. Beide Ziele
1658 3815 2707 3873 ſind, ohne den pazifiſchen Frieden zu gefährden,
1660 3861 2711 3918 angenähert worden, und die Hoffnung, den
1661 3908 2708 3966 Frieden auch weiter erhalten zu können, wurde
1661 3956 2699 4011 durch das Schreiben des Miniſterpräſidenten
1662 4001 2710 4059 Fürſt Konoye an Rooſevelt erneut beſtärkt. Der
1659 4046 2710 4106 Zweck dieſer Aktion, heißt es in politiſchen
1662 4095 2708 4150 Kreiſen, ſei ein doppelter. Erſtens werde dem
1664 4142 2710 4200 Weißen Haus nahegelegt, daß der von Japan
1663 4189 2712 4246 gewollte Großwirtſchaftsraum den Grundſätzen
1663 4233 2711 4290 der Monroe⸗Doktrin entſpreche, derart, daß die
1664 4282 2712 4338 angeſtrebte nachbarliche Zuſammenarbeit einen
1662 4326 2711 4387 Krieg unnötig mache. Zweitens ſei der Schritt
1663 4374 2713 4433 Japans dazu beſtimmt, die Verantwortung für
1660 4423 2708 4476 einen eventuellen Krieg der USA⸗Regierung
1663 4479 1919 4526 aufzuladen.
1715 4539 2715 4594 Die optimiſtiſche Haltung der Politiker wirkte
1678 4584 2709 4644 ſich auch auf die bislang im Zeichen einer Depreſ⸗
1670 4630 2714 4689 ſion ſtehende Tokioter Börſe aus. Ungelöſt iſt
1668 4680 2715 4736 allerdings die Oeltanker⸗Frage. Hier
2776 3349 3819 3406 iſt die japaniſche Preſſe der Meinung, daß die
2776 3396 3819 3454 Verſorgung der Sowjets mit Kriegsmaterial
2773 3445 3822 3499 über Wladiwoſtok untragbar ſei. Die Abwehr⸗
2775 3490 3823 3543 wünſche der Bevölkerung gehen ſogar noch wei⸗
2775 3535 3821 3593 ter, während die Zeitungen die Engländer auf
2775 3584 3823 3640 den Perſiſchen Golf als Waffenweg verweiſen.
2816 3634 3824 3690 Es wird hier aufmerkſam beobachtet, daß ſei
2774 3679 3821 3735 der Churchill⸗Rooſevelt⸗Konferenz ſich das
2775 3722 3818 3781 Verhältnis Japan⸗USA⸗England
2776 3769 3822 3829 auffallend verändert hat: Die USA⸗Politik iſt
2776 3814 3824 3876 eindeutig federführend geworden und vertritt
2774 3867 3822 3922 die britiſch⸗amerikaniſchen Intereſſen gegen⸗
2774 3911 3820 3970 über Japan. Sehr zum Aerger ſelbſtbewußter
2779 3957 3823 4017 Kolonial⸗Briten iſt ſelbſt die Vormundſchaft
2778 4005 3823 4061 über den bisher von England geleiteten Wehr⸗
2777 4052 3821 4109 kreis Singapur, der einen Rieſenraum mit Ma⸗
2775 4098 3823 4157 laya, Holländiſch Indien und Auſtralien umfaßt,
2771 4144 3823 4205 auf die USA übergegangen. Onkel Sam lieſt
2775 4192 3822 4249 dem verarmten Jon Bull die Leviten. Amerika⸗
2776 4239 3822 4298 niſche Zeitſchriften, wie „Foreign Affairs“,
2781 4286 3824 4346 „Life“ und andere, reden den Engländern ins
2785 4333 3831 4391 Gewiſſen, ihre der Menſchlichkeit widerſpre⸗
2777 4379 3824 4437 chenden Methoden in Indien zu revidieren. Die
2778 4425 3827 4486 Engländer ihrerſeits ſind wütend, daß ſie für
2781 4473 3829 4532 die ihnen unzulänglich gewährte Waffenhilfe
2781 4519 3824 4578 Gebietsrechte abtreten und obendrein ſich noch
2778 4566 3825 4627 bedanken müſſen. Der Schein der Solidarität
2781 4611 3829 4672 im britiſch⸗amerikaniſchen Verhältnis verhüllt
2784 4664 3713 4720 nur notdürftig ſtarke innere Spannungen.
602 4774 3783 4949 Bomben von Petersburg bis zur Halbinsel Krim
868 4942 3496 5050 Heftige deutsche Luftangriffe an allen Frontabschnitten / Husarenstückchen deutscher Flieger
1083 5090 1565 5143 Berlin, 1. September
602 5151 1606 5209 Die Kämpfe im Oſten ſtanden am Samstag
553 5197 1610 5255 und Sonntag wieder im Zeichen einer außer⸗
556 5243 1612 5303 ordentlichen Aktivität unſerer Luftwaffe. Im
554 5290 1608 5352 übrigen ſind auch die neueſten Gegenangriffe
555 5338 1611 5395 der Sowjets, vor allem im ſüdlichen Front⸗
555 5385 1613 5444 abſchnitt, blutig zurückgewieſen worden. Am
557 5432 1610 5489 Unterlauf des Dnjepr z. B. griffen am Sonn⸗
554 5476 1615 5538 tag die Bolſchewiken mit ſtärkeren Kräften die
557 5526 1614 5584 deutſchen Stellungen an. Die Angriffe wur⸗
556 5572 1611 5631 den unter ſchwerſten bolſchewiſtiſchen Verluſten
559 5615 1616 5680 zurückgeſchlagen. In dieſen erfolgreichen Ab⸗
557 5664 1615 5724 wehrkämpfen wurden 1000 Gefangene einge⸗
556 5712 1613 5772 bracht, 21 Granatwerfer und zahlreiche andere
560 5766 1157 5818 Infanteriewaffen erbeutet.
604 5806 1614 5864 Sowjetiſche Kräfte wiederholten ferner
559 5850 1615 5914 am Sonntag ſüdlich Kiew den Verſuch,
562 5899 1621 5960 mit Unterſtützung von Artillerie durch Kano⸗
559 5945 1616 6004 nenboote auf das Weſtufer des Dnjepr
564 5994 1609 6054 überzuſetzen. Auch dieſer Verſuch wurde,
568 6037 1616 6102 wie an den Vortagen, unter ſchweren bolſche⸗
563 6085 1613 6148 wiſtiſchen Verluſten abgeſchlagen. Es gelang
564 6132 1618 6191 den Bolſchewiſten nicht, das Weſtufer des
566 6189 1031 6243 Fluſſes zu erreichen.
608 6223 1616 6286 Bei den Operationen der deutſchen Luftwaffe
559 6273 1614 6332 an der finniſchen Front wurden am Samstag
561 6317 1618 6382 bei Einbruch der Dunkelheit ſchwerſte Angriffe
562 6364 1621 6429 auf Bunker und Stellungen bei Alakurtti
565 6409 1619 6473 in rollendem Einſatz durchgeführt. Hierbei
565 6458 1620 6520 wurden mit Sicherheit ſechs Bunker vernichtet
559 6503 1620 6568 und zahlreiche Bereitſtellungen durch Volltref⸗
571 6568 824 6616 fer zerſtört.
612 6598 1624 6659 Deutſche Kampfflugzeuge ſichteten am Sonn⸗
566 6643 1624 6709 tag im Seegebiet oſtwärts der Inſel Oeſel
572 6689 1617 6754 ein bolſchewiſtiſches Truppentransportſchiff
566 6740 1626 6800 und griffen es an. Der Dampfer, der etwa
568 6785 1625 6846 3000 BRT hatte, blieb nach einem Bomben⸗
565 6830 1624 6893 treffer ſchwer beſchädigt und mit ſtarker
571 6887 1133 6939 Rauchentwicklung liegen.
618 6924 1626 6988 Zur Unterſtützung des Heeres unternahmen
566 6970 1625 7033 Verbände der deutſchen Luftwaffe ebenfalls
573 7017 1626 7079 am Sonntag wirkungsvolle Angriffe auf den
1667 5074 2720 5131 Raum um Petersburg. Die Sowjets
1668 5121 2720 5176 erlitten dabei erhebliche Verluſte an Soldaten
1670 5167 2721 5224 und Kriegsgerät. Außerdem wurden in die⸗
1671 5214 2718 5273 ſem Gebiet 18 Sowjetpanzer vernichtet und
1669 5260 2724 5317 150 Laſtkraftwagen unbrauchbar gemacht. Eine
1670 5301 2721 5367 Flakbatterie der Bolſchewiſten, die die Anflüge
1670 5353 2720 5409 der deutſchen Flugzeuge zu ſtören verſuchte,
1671 5398 2723 5460 wurde durch Volltreffer außer Gefecht
1676 5459 1810 5506 geſetzt.
1721 5490 2721 5551 Im Südteil der Oſtfront flog die deutſche
1677 5537 2723 5597 Luftwaffe am Sonntag wirkungsvolle Einſätze
1679 5584 2725 5646 gegen Stellungen, Flugplätze und Eiſenbahn⸗
1672 5629 2727 5691 anlagen der Bolſchewiſten. Dieſe Angriffe, die
1673 5675 2722 5736 überall Zerſtörungen, Menſchen⸗ und Ma⸗
1675 5725 2720 5781 terialverluſte der Sowjets verurſachten, er⸗
1676 5771 2726 5831 ſtreckte ſich auch auf kriegswichtige Ziele der
1673 5816 2725 5876 weſtlichen Krim. Oſtwärts des Dnjepr
1677 5861 2731 5924 ſtanden nach rollenden Einſätzen Unterkünfte
1670 5909 2727 5968 und Flugzeughallen in Brand, und ſtarke Ex⸗
1679 5957 2677 6017 ploſionen ſetzten das Vernichtungswerk fort.
1724 6010 2727 6074 Auch im mittleren Abſchnitt der Oſtfront
1676 6062 2726 6122 führten deutſche Kampfflugzeuge am Sonntag
1676 6108 2729 6168 Angriffe gegen Verkehrslinien und verſammelte
1679 6156 2722 6215 Sowjetverbände mit gutem Erfolg durch. Im
1678 6205 2727 6261 Raum von Konotop, Kurſk und Brjanſk wur⸗
1676 6253 2731 6310 den zahlreiche Eiſenbahnſtrecken durch Bomben⸗
1680 6299 2731 6356 volltreffer aufgeriſſen und mehrere Eiſenbahn⸗
1678 6345 2726 6406 züge zum Entgleiſen gebracht. Sturzkampf⸗
1682 6394 2727 6452 flugzeuge griffen in rollenden Einſät⸗
1681 6441 2730 6499 zen motoriſierte Sowjet⸗Kolonnen an und
1682 6486 2731 6544 vernichteten dabei 20 Panzerkampfwagen. Viele
1681 6536 2729 6593 Laſtkraftwagen wurden durch Volltreffer und
1679 6583 2731 6639 Splitterwirkung zerſtört oder beſchädigt und
1680 6630 2733 6687 zwei Flak⸗Batterien der Bolſchewiſten außer
1679 6676 2735 6734 Gefecht geſetzt. 15 Transportzüge wurden teil⸗
1683 6723 2730 6779 weiſe vernichtet oder blieben beſchädigt auf der
1683 6777 2001 6825 Strecke liegen.
1731 6818 2728 6869 Dramatiſche Erlebniſſe hatte die Beſatzung
1685 6865 2732 6917 eines deutſchen Aufklärungsflugzeuges, Leut⸗
1687 6911 2734 6965 nant P. und Feldwebel M., bei einem Feind⸗
1680 6960 2731 7013 flug an der Oſtfront. Die Bilderkundung er⸗
1686 7006 2734 7061 folgte in mehreren 1000 Meter Höhe über den
2788 5053 3825 5118 feindlichen Stellungen. Obwohl der Beobach⸗
2783 5100 3831 5160 ter Leutnant P. plötzlich eine ſchwere Binde⸗
2784 5148 3829 5211 hautentzündung bekam, die ihn bei der Durch⸗
2784 5195 3834 5258 führung ſeines Auftrages außerordentlich hin⸗
2784 5241 3835 5302 derte, wurde der Flug trotzdem planmäßig
2777 5289 3832 5351 durchgeführt. Wenige Minuten, nachdem der
2786 5339 3835 5398 Flugzeugführer wieder Heimatkurs genommen
2786 5382 3836 5444 hatte, tauchte ein feindlicher Jäger auf. In
2785 5429 3830 5491 einem heftigen Luftkampf erhielt das deutſche
2788 5477 3834 5539 Flugzeug ſchwere Treffer. Der Beobachter
2782 5526 3837 5582 Leutnant P. wurde bei dieſem Kampf aus dem
2784 5573 3836 5632 Flugzeug herausgeſchleudert, konnte
2786 5619 3835 5678 ſich aber am Fallſchirm retten und landete
2784 5663 3834 5725 in den eigenen Linien. Der feindliche Jäger
2793 5712 3828 5772 hatte ihn ſogar noch, am Fallſchirm hängend,
2785 5760 3834 5817 mit, Bordwaffen beſchoſſen. Dem deutſchen
2792 5806 3831 5865 Piloten gelang es, ſeine im Luſtkampf beſchä⸗
2786 5853 3834 5912 digte Maſchine zum Heimathafen zurückzu⸗
2793 5905 3585 5960 bringen und ohne Bruch zu landen.
2832 5958 3836 6015 Die beſonderen Leiſtungen der deutſchen
2787 6007 3834 6063 Aufklärungsflugzeuge in den letzten
2788 6052 3833 6111 Tagen an der Oſtfront werden noch ergänzt
2791 6100 3835 6156 durch ein weiteres kühnes Unternehmen, das
2787 6148 3837 6204 die Beſatzung einer Aufklärungsſtaffel durch⸗
2795 6193 3835 6252 führte, dabei ſchoß dieſe Aufklärungsſtaffel
2796 6241 3829 6299 gleichzeitig zwei angreifende feindliche Flug⸗
2795 6294 3323 6346 zeuge im Luftkampf ab.
2833 6336 3830 6392 Das deutſche Flugzeug war zu einem wich⸗
2787 6381 3836 6441 tigen Bildauftrag geſtartet und wurde plötzlich
2788 6430 3835 6487 von zwei Ratas verfolgt. Der Aufklärer griff
2792 6477 3838 6533 ſofort die beiden ſowjetiſchen Jagdflugzeuge
2787 6525 3839 6579 an und ſchoß ſie nacheinander nach kurzem
2786 6571 3838 6627 Luftkampf ab. Dann ſetzte die Beſatzung ihren
2789 6618 3838 6674 vorgeſchriebenen Kurs durch, fotografierte die
2792 6663 3834 6721 befohlenen Ziele und kehrte nach durchgeführ⸗
2791 6712 3835 6770 tem Auftrag wohlbehalten zurück. Der Ober⸗
2792 6760 3835 6813 befehlshaber einer Panzergruppe nahm an⸗
2788 6807 3836 6862 ſchließend die Gelegenheit wahr, der erfolgrei⸗
2789 6852 3834 6908 chen Beſatzung zu dieſer außerordentlich muti⸗
2793 6900 3836 6957 gen Tat und zu dem gelungenen Unternehmen
2798 6948 3830 7000 ſeinen herzlichſten Glückwunſch und ſeine volle
2788 6998 3404 7049 Anerkennung auszuſprechen.
3918 2212 4868 2313 Führung und Verwaltung
4199 2320 4583 2415 im Kriege
4393 2435 4879 2488 Berlin, 1. September.
3919 2492 4927 2554 Wer hat eigentlich ſchon einmal darüber nach⸗
3875 2539 4929 2602 gedacht, wie gut noch immer trotz eines zwei⸗
3875 2587 4930 2648 jährigen Krieges an mehreren Fronten unſere
3871 2637 4931 2692 Verwaltung funktioniert? Im Weltkrieg war
3877 2682 4926 2739 das nämlich nicht der Fall. Im zweiten Kriegs⸗
3876 2728 4934 2787 jahr ſperrte zum Beiſpiel die bayeriſche Poli⸗
3881 2774 4930 2836 zei ein, wer mit nichtbewirtſchafteten Nahrungs⸗
3875 2820 4929 2881 mitteln die bayeriſche Grenze überſchritt, und
3880 2869 4931 2927 es tobten auf der ganzen Front Bürgerkriege
3876 2916 4932 2977 zwiſchen den Verwaltungen der einzelnen deut⸗
3879 2961 4929 3021 ſchen Länder und der damaligen Reichsführung.
3875 3009 4930 3067 Dieſe hatte ja keine unmittelbare Befehlsgewalt.
3877 3055 4933 3114 Es gab nur eine badiſche, preußiſche, mecklen⸗
3882 3101 4935 3163 burgiſche, aber keine Reichsverwaltung des
3883 3147 4927 3211 Innern. Die ſchwerfällige Befehls⸗
3886 3193 4929 3258 gebung des Reiches durch Bundesrats⸗
3884 3240 4927 3306 verordnungen und ihre ungleichmäßige Aus⸗
3884 3287 4928 3352 führung durch die bundesſtaatlichen Verwal⸗
3885 3334 4929 3397 tungen war eine der größten Schwierigkeiten,
3886 3379 4927 3444 die wir damals hatten, und die ſich auch bei
3886 3428 4928 3490 beſtem Willen der einzelnen Behörden kaum
3886 3484 4301 3534 überbrücken ließen.
3934 3519 4928 3581 Wie iſt es jetzt? Zur rechten Stunde ver⸗
3887 3566 4930 3626 öffentlicht Dr. Wilhelm Stuckart, Staats⸗
3887 3611 4928 3667 fekretär im Reichsminiſterium des Innern, in
3879 3650 4935 3709 den „Schriften des Reichsverbandes Deutſcher
3882 3694 4938 3756 Verwaltungsakademien“ eine ganz ausgezeich⸗
3887 3743 4938 3803 nete, geiſtvolle und durchſichtige Studie unter
3883 3786 4939 3848 dem Titel „Führung und Verwaltung im
3888 3834 4938 3894 Kriege“, die weit über den Rahmen der Ver⸗
3884 3880 4888 3942 waltungsbeamten hinaus Intereſſe verdient.
3932 3928 4928 3986 Seit dem Geſetz über den Neuaufbau des
3884 3974 4939 4033 Reiches (30. Januar 1934) unterſteht die ge⸗
3891 4022 4939 4081 ſamte Verwaltung der uneingeſchränkten Be⸗
3891 4069 4934 4127 fehlsgewalt des Reiches in der
3891 4113 4939 4175 Hand des Führers, ausgeübt durch die
3886 4160 4941 4220 Reichsminiſter, deren Anweiſungen Reichsſtatt⸗
3888 4210 4939 4267 halter, Landesregierungen und alle Behörden
3893 4267 4303 4316 zu befolgen haben.
3933 4303 4942 4360 Bedeutſam iſt die Zuſammenfaſſung der
3895 4351 4940 4407 Mittelbehörden in der Hand der Reichs⸗
3893 4400 4943 4454 ſtatthalter in den Reichsgauen und außerpreu⸗
3892 4445 4940 4501 ßiſchen Ländern bzw. der preußiſchen Ober⸗
3893 4503 4150 4548 präſidenten.
3936 4539 4933 4593 Durch das Geſetz über die Vereinheitlichung
3888 4585 4944 4639 des Behördenaufbaus (15. Juli 1939) ſind alle
3887 4630 4938 4685 Landesbehörden zugleich Reichsbehörden, alle
3885 4682 4948 4733 Beamten der Länder zugleich Reichsbeamte ge⸗
3884 4727 4940 4777 worden. Das hat die Umſtellung auf die Kriegs⸗
3888 4779 4527 4826 erforderniſſe ſehr erleichtert.
3941 4821 4945 4872 Als nun der Krieg kam und der Führer als
3893 4867 4947 4922 Oberſter Befehlshaber der Wehrmacht und Lei⸗
3893 4913 4942 4965 ter der Außenpolitik dauernd vor ſchwere und
3886 4961 4943 5013 weittragende Entſcheidungen geſtellt war, mußte
3889 5007 4947 5060 er bei der Geſetzgebung und Führung der Ver⸗
3887 5055 4938 5106 waltung entlaſtet werden. So wurde der
3898 5100 4953 5153 „Miniſterrat für die Reichsvertei⸗
3897 5147 4949 5201 digung“ durch Erlaß vom 30. Auguſt 1939
3898 5194 4947 5248 geſchaffen, ihm ein Verordnungsrecht
3898 5241 4949 5291 mit Geſetzeskraft übertragen und er ſo⸗
3891 5287 4944 5342 mit zum höchſten ſtändig tätigen und dem Füh⸗
3889 5335 4947 5388 rer nächſt nachgeordneten Organ des Reiches
3893 5381 4946 5432 gemacht. Seine Geſchäfte führt der Reichsmini⸗
3892 5430 4624 5479 ſter und Chef der Reichskanzlei.
3947 5476 4948 5525 Für die zivile Verwaltung iſt der Reichs⸗
3893 5522 4949 5569 innenminiſter als Generalbevollmächtigter für
3894 5568 4949 5616 die Reichsverwaltung, für die Wirtſchaft
3891 5616 4946 5663 neralbevollmächtigten ſowie den Beauftragten
3891 5662 4949 5711 mächtigter für die Wirtſchaft eingeſetzt. Ein
3892 5709 4950 5758 Kriegsverordnungsrecht iſt dieſen beiden Ge⸗
3894 5757 4947 5802 neralbevollmächitgten ſowie den Beauftragten
3901 5802 4947 5850 für den Vierjahresplan und dem Chef des
3901 5851 4855 5899 Oberkommandos der Wehrmacht verliehen.
3943 5909 4950 5957 Zur Sicherung der notwendigen Zuſammen⸗
3895 5956 4947 6003 arbeit ſind ferner die oberſten Reichsbehörden,
3894 6003 4948 6050 die für die Kriegswirtſchaftspolitik verantwort⸗
3896 6050 4949 6096 lich ſind, zu einem Generalrat zuſammen⸗
3896 6096 4948 6142 gefaßt, dem ihre Staatsſekretäre, der Stabslei⸗
3895 6142 4952 6188 ter des Generalbevollmächtigten für die Reichs⸗
3892 6189 4951 6235 verwaltung und ein Vertreter des Ober⸗
3893 6237 4764 6281 kommandos der Wehrmacht angehören.
3941 6295 4949 6343 Entſprechend der Zuſammenfaſſung in der
3900 6341 4948 6389 Zentralinſtanz mußte auch eine Zuſammen⸗
3895 6389 4954 6435 faſſung in den Mittelinſtanzen erfol⸗
3903 6436 4946 6481 gen, zumal räumlich die Gaue der Partei, die
3897 6482 4948 6528 Landesgrenzen, die Grenzen der Wirtſchafts⸗
3893 6529 4947 6574 bezirke und der Wehrkreiſe ſich nicht decken.
3896 6576 4951 6623 So wurden Reichsverteidigungskommiſſare zur
3901 6622 4947 6669 Steuerung der zivilen Reichsverteidigung und
3892 6668 4948 6715 als Organe des Miniſterrates für die Reichs⸗
3892 6715 4947 6763 verteidigung geſchaffen, durchgehend die Reichs⸗
3900 6762 4124 6808 ſtatthalter.
3941 6805 4950 6856 Hinſichtlich der Organiſation der Kriegs⸗
3894 6852 4947 6902 wirtſchaft hatte der Reichsnährſtand ſeit langem
3896 6900 4946 6949 durch ſeine Erzeugungsſchlacht und ſeine Pla⸗
3900 6946 4945 6995 nung die Nahrungsfreiheit nach beſten Kräften
3899 6992 4942 7044 geſichert, aber auch ſonſt war Deutſchland nicht
