5168 7366
343 328 1048 386 „Hakenkreuzbanner“
3937 315 4684 388 Mittwoch, 3. September 1941
338 488 1373 543 Sinn des Krieges bis zuletzt verkannt hatten:
333 537 1224 594 daß es darum gehe, Europa zu ſchützen.
388 605 1374 659 Jetzt kamen ſie alle. Nicht nur die italieni⸗
340 652 1379 707 ſchen, finniſchen, rumäniſchen, ungariſchen und
342 701 1381 753 ſlowakiſchen Verbündeten, ſondern auch die Le⸗
338 749 1373 801 gionen aus Spanien und Kroatien, die däni⸗
342 795 1377 848 ſchen, niederländiſchen, flämiſchen und fran⸗
340 843 1377 892 zöſiſchen Freiwilligen. Eine Welle des Wider⸗
337 889 1373 941 ſtandswillens ging über Europa hin, die die
336 936 1380 989 Beſten ſeiner Söhne in dem leidenſchaftlichen
335 984 1375 1036 Verlangen einte, die Güter der abendländiſchen
336 1030 1371 1081 Menſchheit vor dem Anſturm der weltrevolu⸗
329 1078 1374 1128 tionären Barbarei zu retten, die ſich zum Bünd⸗
331 1125 1374 1176 nis mit den plutokratiſchen Demokratien des
329 1170 1215 1224 Angelſachſentums bereit gefunden hatte.
375 1240 1375 1293 Sicherlich hat die Reichsregierung, ehe ſie
331 1287 1369 1337 dem Ueberfall vom Oſten her zuvorkam, die Ge⸗
331 1334 1373 1385 fahr in ihrer Beſonderheit richtig eingeſchätzt.
325 1382 1364 1431 Wie groß aber das Unheil hätte werden müſ⸗
330 1427 1372 1479 ſen, das über uns gekommen wäre, hätten wir
324 1474 1370 1524 nicht rechtzeitig zum Gegenſtoß ausgeholt, das
323 1522 1373 1570 wurde doch erſt im Verlaufe des Ringens klar:
331 1568 1369 1615 Vier oder fünf Millionen ſowjetiſcher Sol⸗
322 1614 1369 1663 daten ſind gefangen und gefallen, weitere Mil⸗
319 1661 1371 1711 lionen als Verwundete ausgefallen, Zehntau⸗
323 1707 1360 1757 ſende von Geſchützen, Flugzeugen und Tanks,
318 1755 1366 1804 unzählbare Kraftfahrzeuge, Lokomotiven, Eiſen⸗
319 1802 1369 1850 bahnwagen und zahlreiche Kriegs⸗, Transport⸗
316 1849 1372 1897 und Handelsſchiffe wurden vernichtet oder er⸗
321 1895 1362 1943 beutet — und immer noch verfügt der Feind
320 1941 1370 1992 über einſatzfähige Reſerven an Menſchen und
319 1990 1360 2040 Material, die ihm einen Widerſtand von unvor⸗
322 2036 1363 2085 ſtellbarer Härte und Erbitterung erlauben. Ein
322 2082 1360 2131 buntes Völkergemiſch von gegenwärtig 180 Mil⸗
312 2130 1356 2177 lionen Menſchen hat jahrzehntelang geſchuftet,
321 2174 1358 2225 gehungert entbehrt, ſich weltanſchaulich und
315 2224 1364 2272 militäriſch drillen laſſen, um den Machthabern
312 2271 1364 2318 im Kreml die Mittel zu liefern, die ihm den
319 2315 1356 2365 unbedingt tödlichen Stoß ins Herz Europas er⸗
310 2364 1364 2412 möglichen ſollten. Das ſollte man ſich immer
310 2409 1359 2458 wieder vor Augen halten, wenn man die Größe
316 2456 1354 2504 der Gefahr abſchätzen will, der wir mit knapper
313 2504 1355 2550 Not entronnen ſind, doch auch, wenn man der
318 2549 1358 2599 Leiſtung unſerer militäriſchen Führung und
308 2596 1360 2645 ihrer Soldaten gerecht werden möchte, die ſich,
317 2643 1358 2692 ungeachtet der Unbilden einer fremden Welt
312 2690 1361 2740 von gigantiſchen räumlichen Ausmaßen, nicht
309 2736 1364 2789 nur zu behaupten vermochten, ſondern die den
307 2784 1359 2833 Feind in Gewaltmärſchen vor ſich hertrieben.
308 2831 1362 2881 Nun, da die Hauptarbeit geleiſtet iſt, die Stoß⸗
314 2878 1360 2927 armeen zerſchlagen, die tiefgeſtaffelten Befe⸗
309 2925 1359 2975 ſtigungsanlagen zertrümmert, die bedeutendſten
315 2970 1352 3023 Baſisgebiete der Kriegsproduktion erobert ſind,
309 3020 1355 3068 und die größten Städte der Sowjetunion ent⸗
304 3064 1354 3114 weder im Bereich unſerer Geſchütze oder im
301 3112 1358 3160 Bombenhagel unſerer Kampfflugzeuge liegen,
307 3158 1350 3207 erkennen wir ſtaunend, wie groß die Kühnheit,
301 3206 1355 3253 wie notwendig aber auch die Härte des deut⸗
314 3252 1355 3303 ſchen Entſchluſſes war, eines Morgens über⸗
311 3299 1358 3345 raſchend aus dem tarnenden Schleier des
309 3344 1351 3394 Schweigens hervor⸗ und mitten in den Auf⸗
308 3394 1093 3443 marſch des Feindes hineinzuſtoßen.
345 3462 1356 3512 Wir wiſſen, das Werk der Vernichtung, das
308 3509 1358 3561 die Sowjets auf ſich herabbeſchworen haben,
308 3558 1355 3609 muß gründlich getan werden. Wir ſchlagen nicht
303 3603 1368 3652 nur Vernichtungsſchlachten, wir führen einen
307 3649 1353 3700 Vernichtungskrieg. Die Welt des Bolſchewis⸗
303 3693 1353 3748 mus muß verſchwinden, wenn Europa künftig
305 3744 1357 3794 in Frieden leben will. Die Diviſionen vor
304 3790 1352 3840 Japans Toren und jene anderen, denen der
299 3839 1350 3885 Ueberfall auf den Iran anvertraut war, ver⸗
302 3884 1350 3933 körpern immer noch einen Machtſaktor; zum
305 3929 1349 3980 mindeſten einen ſolchen, den England in ſeine
310 3975 1352 4028 Rechnung einzuſetzen vermag; doch auch dieſen
308 4024 1349 4075 Faktor wird der Feind über kurz oder lang
304 4070 1353 4121 aus ſeiner Kalkulation ſtreichen müſſen. Ein
305 4116 1350 4168 Kompromiß, das auch nur den Schatten einer
310 4162 1353 4215 ſowjetiſchen Machtpoſition übrig ließe, iſt nicht
301 4208 1354 4262 mehr möglich. Der Kampf muß, ſo lautete die
299 4258 1343 4310 Botſchaft des Führers und des Duce, bis zum
302 4309 944 4357 Sieg durchgeſtanden werden.
342 4373 1354 4425 An der Entſchloſſenheit, bis zu einer wirk⸗
300 4422 1353 4475 lichen Entſcheidung, bis zur endgültigen und
297 4467 1351 4523 tragfähigen Löſung der Probleme durchzuhal⸗
296 4515 1344 4568 ten, die dieſen Krieg haben entſtehen laſſen,
301 4564 1349 4615 wird auch der eherne Ring zerbrechen, den Eng⸗
299 4611 1352 4661 land mit Hilfe des Bolſchewismus und der
301 4656 1350 4709 weltherrſchaftslüſternen amerikaniſchen Pluto⸗
303 4704 1348 4756 kratie um Europa glaubte legen zu können. Ge⸗
301 4748 1345 4803 wiß, die Macht des Feindes iſt groß; aber ſtär⸗
299 4795 1355 4850 ker als ſie iſt der Lebenswille der unter der
307 4840 1345 4898 Führung der Achſe geeinten, Schulter an Schul⸗
304 4889 1349 4943 ter für ihre Lebensrechte, für ihre Freiheit und
303 4935 1349 4994 für die Freiheit der Meere kämpfenden Völker
297 4992 514 5042 Europas.
863 5027 1305 5082 Kurt Pritzkoleit
492 5135 1161 5227 Petersburg eingekreist
381 5248 1267 5307 (Drahtbericht unserer Berliner Schriftleitung)
698 5317 1302 5375 G. S. Berlin, 2. September.
345 5387 1347 5449 Die Lage um Petersburg ſieht man am
300 5438 1353 5497 Dienstag in London mit ganz beſonders gro⸗
303 5481 1349 5544 ßem Ernſt. Man deutet in den engliſchen Zei⸗
303 5527 1344 5590 tungen an, daß man zwar nicht mit einem bal⸗
294 5575 1353 5637 digen Verluſt der ſehr ſtark befeſtigten und von
305 5620 1351 5685 gewaltigen Truppenmaſſen verteidigten Millio⸗
294 5667 1355 5730 nenſtadt rechne, daß aber die völlige Ein⸗
298 5714 1357 5774 kreiſung Petersburgs nicht mehr aufzuhal⸗
297 5762 1351 5821 ten ſei. Stockholmer Meldungen wollen ſogar
294 5807 1343 5867 bereits wiſſen, daß Petersburg ſchon praktiſch
299 5854 1346 5913 vom bolſchewiſtiſchen Hinterland abgeſchnitten
295 5900 1347 5962 iſt, da nicht nur die Eiſenbahnlinie Petersburg
297 5945 1349 6006 — Moskau, wie vor einigen Tagen ſchon gemel⸗
295 5992 1347 6052 det, von den ſich in ſchweren Kämpfen den Weg
291 6039 1350 6099 bahnenden deutſchen Truppen überſchritten, ſon⸗
297 6085 1347 6143 dern die weiter nördlich gelegene andere, aus
304 6134 1354 6193 Petersburg herausführende Bahn, auf der man
297 6179 1354 6239 auf Umwegen Moskau erreichen kann, im Feuer
292 6224 1354 6283 der deutſchen Artillerie liegt, ſo daß der Ver⸗
300 6269 1344 6331 kehr eingeſtellt werden mußte. Dieſe Eiſenbahn⸗
295 6319 1348 6378 linie iſt nur eingleiſig, aber von Bedeutung,
300 6365 1343 6423 weil von ihr die nach Norden, nach Mur⸗
298 6409 1353 6471 manſk, führende Bahn abzweigt. Es wird den
296 6454 1355 6518 Bolſchewiſten außerordentlich ſchwer fallen, die
300 6502 1355 6566 drei Millionen Menſchen, die heute auf dem
298 6552 1358 6611 engen Raum von Petersburg zuſammenge⸗
299 6595 1351 6656 drängt ſind, längere Zeit zu ernähren. Ein
298 6642 1352 6705 Nachſchub an Lebensmitteln und Kriegsmate⸗
296 6688 1353 6752 rial nach Petersburg iſt ſchon jetzt nicht mehr
303 6750 485 6801 möglich.
344 6802 1341 6866 Die engliſche Agentur Exchange Telegraph
305 6849 1347 6913 gibt in einem Bericht aus Moskau zu, daß
299 6900 1353 6960 Marſchall Woroſchilow nördlich von Peters⸗
299 6945 1354 7010 burg ſehr weit zurückgehen mußte.
1470 472 4669 638 Erfolgreiche Kämpfe im Nord- und Südabschnitt
1654 653 4458 723 Heftige Gegenangriffe abgewiesen - Gewaltige Sowjetverluste bei Luga - Motorschiff erbeutet
1816 751 2439 809 Berlin, 2. Sept. (HB⸗Funk)
1488 837 2483 886 Die Kämpfe im Nordabſchnitt der deut⸗
1440 886 2481 933 ſchen Oſtfront geſtalteten ſich auch am Montag
1441 928 2478 979 trotz ſtellenweiſe zähen und verbiſſenen Wider⸗
1442 979 2484 1026 ſtandes der Bolſchewiſten erfolgreich für die
1433 1023 2479 1073 deutſchen Truppen. Einheiten der deutſchen
1438 1071 2479 1120 Infanterie nahmen im Sturmangriff eine wich⸗
1436 1116 2481 1167 tige ſowjetiſche Höhenſtellung und hielten ſie
1435 1163 2475 1215 gegen wiederholte heftige Gegenangriffe der
1434 1210 2472 1260 Bolſchewiſten. Unter dem Einſatz von Pan⸗
1438 1258 2483 1307 zerkampfwagen verſuchten die Bolſchewiſten
1429 1305 2479 1353 immer von neuem, die Höhe zurückzuerobern.
1434 1353 2483 1401 Sämtliche Angriffe der Sowjets wurden von
1430 1397 2482 1448 den deutſchen Infanteriſten unter ſchweren
1433 1445 2480 1495 bolſchewiſtiſchen Verluſten zurückgeſchlagen.
1434 1492 2481 1541 Außer zahlloſen Toten und Verwundeten ver⸗
1435 1539 2293 1589 loren die Sowjets fünf Panzerwagen.
1477 1606 2473 1657 Im Raume ſüdlich des Ilmenſees ſetz⸗
1429 1654 2476 1703 ten die Bolſchewiſten dem Angriff der deut⸗
1429 1701 2469 1752 ſchen Truppen einen äußerſt zähen und verbiſ⸗
1426 1746 2475 1799 ſenen Widerſtand entgegen. Im blutigen
1429 1793 2478 1845 Nahkampf Mann gegen Mann bewies je⸗
1430 1842 2474 1891 doch der deutſche Soldat auch hier wieder ſeine
1429 1888 2472 1937 kämpferiſche Ueberlegenheit. In dieſem Ab⸗
1432 1936 2469 1984 ſchnitt wurde der Widerſtand unter ſchweren
1428 1982 2474 2032 bolſchewiſtiſchen Verluſten gebrochen und der
1428 2031 2094 2081 deutſche Vormarſch fortgeſetzt.
1471 2095 2471 2149 Im Raume nördlich Luga ſtellten am
1424 2146 2472 2195 Montag deutſche Truppen ſtärkere ſowjetiſche
1427 2192 2474 2242 Verbände zum Kampf und vernichteten ſie. Die
1426 2240 2472 2288 deutſchen Soldaten hatten bei dieſen Kämpfen
1424 2286 2468 2337 überaus ſchwierige Gelände⸗ und Witte⸗
1425 2332 2469 2384 rungsverhältniſſe zu überwinden. Die Wege
1424 2380 2469 2430 und Straßen waren vom Regen der vorher⸗
1425 2428 2471 2476 gehenden Tage aufgeweicht und nur ſchwer
1428 2474 2465 2525 paſſierbar. In dem ſumpfigen Wald⸗ und Wie⸗
1421 2522 2469 2571 ſenngelände waren die Marſchbewegungen der
1421 2568 2462 2618 deutſchen Truppen außerordentlich ſchwierig.
1419 2616 2465 2664 Die ſchweren Infanterie⸗Waffen konnten nur
1421 2664 2468 2712 durch Trägerkolonnen vorwärts gebracht wer⸗
1419 2709 2465 2760 den. In zäher Ausdauer überwanden die
2546 752 3602 802 deutſchen Soldaten alle dieſe Schwierigkeiten
2549 799 3463 846 und führen die Kämpfe erfolgreich weiter.
2596 847 3596 894 Die volle Auswirkung der vernichtenden
2545 894 3595 941 Kämpfe, insbeſondere die in dieſem Kampfge⸗
2547 941 3593 989 biet gemachte große Beute an ſowjetiſchem
2546 987 3594 1035 Kriegsmaterial, läßt ſich noch nicht end⸗
2548 1032 3594 1082 gültig überſehen. Infolge des unüberſichtlichen
2550 1079 3591 1129 Sumpfgeländes geſtaltet ſich die Bergung und
2546 1127 3592 1176 Zählung des erbeuteten Materials ſehr ſchwie⸗
2546 1174 3596 1223 rig. Die zahlreichen, im Sumpf ſteckengeblie⸗
2542 1220 3592 1269 benen ſowjetiſchen Fahrzeuge und ſchweren
2547 1267 3594 1318 Waffen aller Art, darunter an einer Stelle
2543 1315 3592 1363 allein 70 Geſchütze, laſſen jedoch darauf ſchlie⸗
2543 1361 3592 1409 ßen, daß die Bolſchewiſten in dieſen Kämpfen
2546 1407 3590 1458 gewaltige Verluſte an Waffen und Kriegsgerät
2548 1456 2840 1504 gehabt haben.
2590 1503 3588 1549 Im Raum ſüdlich Kiew griffen die Bol⸗
2549 1546 3587 1594 ſchewiſten am 1. September nach ſtärkerer Ar⸗
2544 1594 3593 1642 tillerievorbereitung und unterſtützt von Pan⸗
2541 1642 3585 1686 zerkampfwagen die Stellungen einer deut⸗
2542 1685 3576 1735 ſchen Diviſion an. An der Abwehr der deut⸗
2542 1733 3591 1781 ſchen Infanterie ſcheiterten alle ſowjetiſchen
2540 1780 3592 1827 Angriffsverſuche. Die deutſchen Infanteriſten
2544 1825 3590 1876 gingen ihrerſeits ſofort zum Gegenangriff über
2539 1874 3592 1919 und ſtießen tieſ in die zurückweichenden ſowje⸗
2540 1918 3589 1966 tiſchen Linien hinein. In heftigen Kämpfen
2536 1964 3592 2013 wurden die Bolſchewiſten geworfen. Hierbei
2535 2011 3590 2059 vernichteten die ſtürmenden deutſchen Infante⸗
2535 2058 3580 2103 riſten fünf bolſchewiſtiſche Panzerkampfwagen,
2536 2104 3586 2152 darunter einen von 32 Tonnen, und brachten
2536 2152 3464 2199 eine große Anzahl von Gefangenen ein.
2587 2198 3582 2245 In Odeſſa geſtaltet ſich die Lage der bol⸗
2546 2243 3584 2291 ſchewiſtiſchen Verteidiger immer ſchwieriger.
2544 2291 3587 2340 Rumäniſche Formationen haben das Haupt⸗
2538 2339 3583 2385 waſſerwerk von Odeſſa, in dem ſich ſowjetiſche
2541 2382 3586 2432 Infanterie feſtgeſetzt hatte, geſtürmt. Durch die
2538 2431 3584 2478 Abſchnürung der Trinkwaſſerzufuhr iſt die Ver⸗
2547 2477 3583 2525 ſorgungslage der in Odeſſa eingeſchloſſenen
2538 2523 3583 2572 ſowjetiſchen Truppen, die bereits unter großer
2538 2569 3583 2618 Nahrungsmittelknappheit zu leiden haben ernſt⸗
2538 2616 2865 2663 haft gefährdet.
2581 2664 3582 2711 Beim Heer eingeſetzte Verbände der deut⸗
2535 2710 3583 2757 ſchen Luftwaffe, Flakartillerie und Aufklä⸗
3649 746 4704 797 rungsflieger, haben ſich auch im Oſtfeldzug in
3651 792 4702 842 ganz hervorragender Weiſe ausgezeichnet. In
3650 838 4704 888 der Zeit vom 22. 6. bis 27. 8. wurden von die⸗
3652 884 4701 935 ſen Verbänden 1108 Sowjetflugzeuge abgeſchoſ⸗
3649 931 4702 982 ſen. Hiervon durch Flakartillerie 1018 und durch
3653 977 4701 1028 Aufklärungsflieger im Luftkampf 43. Weitere
3649 1024 4699 1072 47 Feindflugzeuge wurden am Boden zerſtört.
3651 1071 4702 1121 Außerdem ſetzten die gleichen Flakverbände in
3915 2353 4429 2388 Kampfgebiet bei Petersburg
3902 2393 4449 2435 (Karte Scherl-Bilderdienst-M.)
3638 2486 4693 2540 derſelben Zeit 396 Panzerkampfwagen, darun⸗
3642 2538 4699 2585 ter zahlreiche Panzer ſchwerſter Bauart, außer
3637 2583 4699 2631 Gefecht, vernichteten 171 Bunker ſowie 26
3642 2630 4698 2680 ſchwere und leichte feindliche Batterieſtellungen
3641 2679 4690 2723 und brachten 2 feindliche Handelsſchiffe von
3642 2721 4686 2774 insgeſamt 4000 BRT, 2 Küſtenwachſchiffe und
3638 2771 4323 2821 2 Kanonenboote zum Sinken.
3691 2817 4695 2868 An der geſamten Oſtfront unternahm
3643 2863 4695 2914 die deutſche Luftwaffe im Laufe des
3646 2910 4695 2965 Montags wiederum ſtarke Angriffe gegen
3651 2953 4184 3006 feindliche Verkehrsziele.
3690 3003 4684 3053 Ein junger deutſcher Artillerieunteroffizier,
3644 3051 4687 3100 der erſt im Frühjahr 1940 Soldat geworden
3637 3098 4689 3145 war, hat ſich bei Voſilikis durch hervorragen⸗
3644 3143 4685 3194 des Draufgängertum und rückſichtsloſe
3649 3190 4690 3241 Einſatzbereitſchaft ausgezeichnet. Gegen das
3639 3236 4687 3287 deutſche Artillerieregiment rollten Dutzende
3640 3283 4688 3336 großer Sowjetpanzerkampfwagen, darunter zwei
3641 3331 4683 3382 überſchwere an. Der Unteroffizier erledigte,
3644 3376 4683 3424 ſelbſt als Richtkanonier arbeitend, mit einer
3640 3423 4684 3476 ſchweren Feldhaubitze auf kürzeſte Entfernung
3639 3471 4683 3521 in 55 Minuten 13 angreifende Panzerkampf⸗
3636 3517 4685 3565 wagen. Sein vorbildliches Verhalten half
3637 3563 4691 3617 weſentlich dazu mit, daß der bolſchewiſtiſche
3641 3607 4362 3656 Angriff zurückgeſchlagen wurde.
3688 3654 4686 3705 Eine an der Mündung des Dnjepr eingeſetzte
3636 3700 4689 3751 deutſche Radfahrerſchwadron beobachtete am
3634 3749 4683 3802 Montag, 1 September, auf dem Dnjepr ein
3642 3794 4685 3845 ſowjetiſches Kanonenboot und ein Motorſchiff,
3639 3842 4685 3893 von 40 Tonnen Waſſerverdrängung. Die
3637 3887 4684 3939 Schwadron nahm ſofort mit ihren Gewehren
3641 3936 4687 3984 und Maſchinengewehren das ſowjetiſche Kano⸗
3636 3981 4682 4030 nenboot unter Feuer und verſenkte es durch
3634 4027 4688 4078 den geſchickten Einſatz ihrer Infanteriewaffen
3637 4074 4028 4124 in kürzeſter Zeit.
3684 4121 4686 4172 Ein Stoßtrupp der Radfahrerſchwadron be⸗
3635 4170 4684 4218 nutzte die bei den Bolſchewiſten infolge des
3635 4212 4685 4265 Feuerüberfalls entſtandene Verwirrung und
3639 4261 4684 4311 ſtellte in überraſchendem Angriff das
3645 4307 4684 4359 Motorſchiff unbeſchädigt ſicher. In kühnem
3634 4356 4681 4406 Angriff und kurzem Nahgefecht auf dem Schiff
3633 4404 4638 4453 wurde die ſowjetiſche Beſatzung überwältigt.
3977 4510 4346 4578 OKW-Bericht
3704 4589 4683 4639 Aus dem Führerhauptquartier, 2. September.
3676 4647 4678 4698 Das Oberkommando der Wehrmacht gibt be⸗
3627 4693 3776 4738 kannt:
3675 4739 4679 4789 Die Operationen an der Oſtfront ver⸗
3629 4788 4029 4836 laufen planmäßig.
3675 4834 4670 4884 Angriffe der Luftwaffe richteten ſich
3628 4881 4678 4929 mit guter Wirkung gegen Eiſenbahnſtrecken im
3627 4928 4677 4975 Raum von Charkow und ſüdweſtlich Mos⸗
3627 4974 4674 5022 kaus. Sturzkampfflugzeuge verſenkten auf
3623 5020 4679 5069 dem Dnjepr ein ſowjetiſches Kanonenboot
3628 5068 4451 5114 und warfen drei weitere in Brand.
3675 5112 4674 5161 Im Kampf gegen Großbritannien bom⸗
3626 5160 4682 5209 bardierte die Luftwaffe in der letzten Nacht den
3616 5206 4678 5255 Verſorgungshafen Newcaſtle an der Tyne.
3624 5253 4673 5303 Bombentreffer riefen große Brände und hef⸗
3622 5300 4673 5350 tige Exploſionen hervor. Andere Kampfflug⸗
3627 5348 4676 5396 zeuge griffen Flugplätze in den Midlands er⸗
3627 5392 3892 5445 folgreich an.
3671 5438 4667 5489 Eine geringe Zahl britiſcher Flugzeuge flog
3621 5488 4674 5535 in der Nacht zum 2. September nach Nordweſt⸗
3623 5533 4673 5584 und Weſtdeutſchland ein. Flakartillerie ſchoß
3628 5581 4280 5628 einen feindlichen Bomber ab.
3635 5674 4647 5743 Der italienische Wehrmachtsbericht
3914 5770 4626 5828 Rom, 2. September. (HB⸗Funk.)
3671 5848 4676 5896 Der italieniſche Wehrmachtsbericht vom
3622 5894 4134 5943 Dienstag meldet u. a.:
3665 5942 4670 5987 Die britiſche Luftwaffe bombardierte
3623 5987 4669 6038 Tripolis und Bengaſi, wodurch ein Toter und
3623 6034 4663 6082 einige Verwundete unter der Zivilbevölkerung
3624 6081 4664 6128 ſowie unbedeutender Sachſchaden verurſacht
3621 6129 4663 6179 wurde. Bei dieſem Angriff wurden bei Bengaſi
3621 6174 4439 6221 vier feindliche Bomber abgeſchoſſen.
3662 6219 4669 6266 Bedeutende Verbände italieniſcher und deut⸗
3625 6267 4665 6316 ſcher Flugzeuge haben im Maſſeneinſatz
3617 6314 4671 6362 die Ziele von Tobruk angegriffen und unter
3616 6362 4665 6409 einen Hagel von Bomben genommen. Mit ſicht⸗
3613 6407 4660 6454 barem Ergebnis wurden zahlreiche Treibſtoff⸗,
3621 6452 4659 6504 Munitions⸗ und Materiallager getroffen. Trotz
3618 6501 4669 6549 der heftigen Abwehr ſind alle unſere Flugzeuge
3615 6548 4407 6597 zu ihren Stützpunkten zurückgekehrt.
3666 6594 4660 6642 Feindliche Flugzeuge haben Crotone bom⸗
3617 6642 4663 6690 bardiert und unter Maſchinengewehrfeuer ge⸗
3619 6689 4661 6734 nommen. Man beklagt 12 Tote und 24 Ver⸗
3618 6736 4664 6780 wundete unter der Zivilbevölkerung. Leichter
3610 6781 4659 6828 Sachſchaden. Bei Pozalla (Raguſa) haben feind⸗
3612 6828 4660 6876 liche Flugzeuge einen Eiſenbahnzug unter MG⸗
3615 6874 4659 6920 Feuer genommen. Einige Reiſende wurden
3606 6920 3784 6970 verletzt.
1784 2828 3220 2944 Roosevelt als Sowjetagent
1785 2952 3217 3019 Eine neue Schimpfkanonade des USA-Präsidenten
1427 3052 2466 3097 (Von unserer Berliner Schriftleitung)
1820 3110 2426 3169 H. H. Berlin, 2. September.
1468 3174 2468 3225 Der Präſident der Vereinigten Staaten hat
1421 3223 2466 3273 den „Tag der Arbeit“ zu einer Rundfunkrede
1418 3270 2464 3320 benutzt, in der man allen Phraſen und ver⸗
1418 3316 2468 3367 logenen Beteuerungen begegnet, die aus den
1423 3363 2466 3414 vielen früheren Hetzreden Herrn Rooſevelt
1421 3411 2461 3460 mehr als bekannt ſind. Allmählich wirdes ſo⸗
1420 3457 2459 3509 gar den amerikaniſchen Hörern langweilig im⸗
1420 3503 2458 3554 mer wieder von der Drohung der „naziſtiſchen
1416 3552 2461 3601 Welteroberung“ zu hören, oder von den Mäch⸗
1417 3598 2459 3649 ten böfer Gewalt, die Adolf Hitler entfeſſelt
1417 3646 2464 3695 hat. Schließlich machen ſich auch die amerikani⸗
1418 3693 2459 3742 ſchen Staatsbürger — und dafür ſind viele
1416 3740 2461 3790 Stimmen ein treffender Beweis — Gedanken
1419 3784 2462 3837 darüber, wie es ſich denn mit der Politik ihres
1421 3834 2464 3883 Präfidenten verhält, mit ihrer radikalen und
1419 3881 2463 3930 ſturen Bemühung zur Durchdringung Süd⸗
1419 3929 2465 3977 amerikas, mit den dauernden Verſuchen, in
1420 3975 2462 4023 eindeutige europäiſche Sphären⸗ und Inter⸗
1417 4023 2462 4073 eſſengebiete einzugreifen, mögen ſie nun be⸗
1418 4070 2458 4119 reits gelungen, oder noch in die Zukunft ver⸗
1423 4116 1712 4164 ſchoben ſein!
1466 4175 2464 4222 Iſt die Schilderung der USA⸗Außenpoli⸗
1419 4222 2464 4268 tik durch Rooſevelt ein Beiſpiel ſeiner Ver⸗
1416 4267 2460 4316 logenheit, ſo kennzeichnen ſeine Beteuerungen
1417 4315 2455 4364 dem amerikaniſchen Arbeiter die Zweideutigkeit
1421 4361 2463 4409 ſeines Wirkens ebenſo ſtark. Die USA⸗Arbei⸗
1416 4409 2463 4459 ter kennen ihn als den Urheber vieler Wirt⸗
1422 4456 2463 4504 ſchaftskriſen, dennoch hat er ihnen Dinge er⸗
1415 4500 2460 4552 zählt, die ſie vergeſſen laſſen ſollen, daß unter
1415 4550 2464 4598 ſeiner Herrſchaft acht Jahre hindurch elf Mil⸗
1415 4596 2460 4645 lionen Arbeitsloſe in den USA dem
2526 3048 3579 3098 Hungertode nahe waren und daß heute noch
2527 3093 3573 3143 unzählige nach offizieller Bekundung unter⸗
2527 3141 2895 3190 ernährt ſind.
2573 3198 3572 3248 Wenn der Präſident von Freiheit der Re⸗
2526 3243 3573 3295 ligion, der Rede und des Unternehmers
2535 3290 3573 3340 ſpricht, ſo wird ſich der amerikaniſche Arbeiter
2530 3337 3577 3388 daran erinnern, daß z. B. Militär mit Ma⸗
2535 3383 3575 3438 ſchinengewehren gegen Streikende eingeſetzt
2531 3432 3575 3483 wurde, um Flugzeugfabriken in Gang zu brin⸗
2527 3478 3573 3533 gen. Es iſt alſo der gleiche Geiſt, der auch aus
2527 3523 3580 3575 den ſowjetiſchen Bekundungen ſpricht, der von
2532 3572 3571 3621 paradieſiſchen Dingen redet und dabei das
2525 3616 3575 3669 ſchlimme und angreifbare Bild des Wirklichen
2529 3665 3571 3718 vertuſchen möchte. Der „Demokrat“ Roo⸗
2520 3709 3574 3763 ſevelt, der ſein Amt als ein bezahlter Agent
2527 3755 3577 3811 des internationalen Judentums ausübt, hat
2531 3803 3573 3857 das Bündnis mit den Sowjets, den Todfeinden
2529 3851 3569 3902 jeder Demokratie, demnach auch ideologiſch ver⸗
2524 3899 3574 3950 tieft. Er will Moskau mit Waffen verſehen, er
2531 3943 3570 3994 ſchimpft im ärgſten Gaſſenton auf die auto⸗
2530 3989 3567 4042 ritären Führer und ſchämt ſich nicht zu behaup⸗
2528 4039 3573 4088 ten, man habe ihn aufgefordert, „mit Hitler
2530 4085 3572 4137 zu verhandeln, um Brotkrumen vom Tiſch ſei⸗
2522 4130 3571 4181 nes Sieges zu erbetteln“. Er ſetzt auf den
2527 4176 3572 4228 Sieg der anderen, er will mithelfen, daß die
2523 4225 3571 4276 bolſchewiſtiſche Flut die Ziviliſation Europas
2528 4271 3568 4319 vernichtet. Es dürfte jedoch genug Nordameri⸗
2520 4318 3575 4369 kaner geben, die dieſe Grundtendenz ihres Prä⸗
2529 4364 3573 4418 ſidenten als eine zerſtöreriſche und gefährliche
2526 4412 3562 4462 erkannt haben, die nur einer kleinen Gruppe
2526 4458 3569 4509 von Intereſſenten dient, die aus dem Chaos
2519 4503 3569 4556 als die Nutznießer einer verbrecheriſchen und
2523 4548 3565 4604 höchſt undemokratiſchen Politik hervorgehen
2528 4601 2684 4646 wollen.
1867 4718 3055 4820 Das Neueste in Kürze
1465 4832 2452 4872 Reichsinnenminiſter in Preßburg. Reichsinnenmini⸗
1412 4870 2460 4912 ſter Dr. Frick traf am Dienstag auf Einladung des
1419 4912 2457 4952 Innenminiſters und Oberbeſehlshabers der Hlinka⸗
1416 4953 2451 4994 Garde, Sano Mach, zu einem Staatsbeſuch in Preß⸗
1411 4994 1594 5036 burg ein.
1464 5040 2457 5090 Fünf Abſchüſſe durch Inſanterie. Deutſche Infan⸗
1418 5087 2458 5127 terie⸗Einheiten haben in den vergangenen Wochen
1413 5128 2459 5166 mehrmals erfolgreich in die Luftkämpfe über dem
1418 5168 2456 5209 Gebiet der beſetzten franzöſiſchen Kanalküſte einge⸗
1418 5207 2460 5249 griffen und eine Reihe von britiſchen Flugzeugen zum
1414 5246 2458 5288 Abſturz gebracht. Das beweiſen zum Beiſpiel die
1414 5288 2458 5330 Ringe an den Rohren der Maſchinengewehre eines
1417 5328 2455 5370 Infanteriezuges, der ſeit Beginn der kläglich geſchei⸗
1412 5370 2453 5410 terten britiſchen Nonſens⸗Offenſive fünf britiſche Ma⸗
1417 5414 1706 5451 ſchinen abſchoß.
1452 5462 2455 5504 Italieniſcher Finanzminiſter in Berlin. Der italie⸗
1411 5502 2454 5544 niſche Finanzminiſter Graf Thaon di Revel iſt am
1413 5542 2461 5585 Dienstag zu einem mehrtägigen Beſuch des Reichs⸗
1415 5581 2458 5625 finanzminiſters Graf Schwerin von Kroſigk, in Er⸗
1413 5622 2458 5665 widerung ſeines Beſuches in Rom, in Berlin einge⸗
1410 5667 1556 5712 troffen.
1457 5715 2450 5758 Deutſch⸗ſpaniſche Verbundenheit. Anläßlich der Ein⸗
1412 5754 2451 5800 weihung des Denkmals zu Ehren eines deutſchen Ge⸗
1415 5792 2453 5839 fallenen der Legion Condor fand in Mollet (Barce⸗
1412 5834 2457 5880 lona) ein feierlicher Akt der deutſch⸗ſpaniſchen Ver⸗
1412 5883 1731 5922 bundenheit ſtatt.
1457 5924 2457 5974 Neuer Oberbeſehlshaber in Frankreich. An Stelle
1414 5971 2453 6015 von Admiral Leluc iſt Konteradmiral Auphan zum
1415 6009 2452 6054 Oberbefehlshaber der franzöſiſchen Kriegsmarine und
1410 6053 2287 6098 Chef des Marineſekretariats ernannt worden.
1460 6102 2456 6149 Flugzeugunglück in Frankreich. Das Flugzeug der
1411 6142 2456 6189 Air France, das regelmäßig zwiſchen Marſeille und
1413 6183 2456 6228 Toulouſe verkehrte, ſtürzte am Montag kurz nach dem
1412 6223 2452 6269 Start auf dem Flughafen von Marignane in die See.
1413 6265 2460 6310 An Bord befanden ſich ſechzehn Perſonen, und zwar
1413 6304 2450 6352 dreizehn Paſſagiere und drei Mann Beſatzung. Drei⸗
1415 6350 2030 6393 zehn Perſonen fanden den Tod.
1456 6400 2452 6445 Neun Retter ertrunken. Einer „Times“⸗Meldung zu⸗
1413 6438 2454 6486 folge fanden neun Perſonen bei dem Verſuch, die
1411 6478 2453 6527 dreiköpfige Beſatzung eines ins Meer geſtürzten bri⸗
1408 6520 2451 6567 tiſchen Flugzeuges zu retten, auf der Höhe von Rhos⸗
1408 6557 2450 6610 neiger den Tod. Die vier Boote mit den Rettungs⸗
1409 6601 2450 6648 mannſchaften ſchlugen um. Die Inſaſſen und auch die
1411 6647 2027 6690 drei britiſchen Flieger ertranken.
1454 6689 2445 6741 480 Millionen Dollar Gebäudeſchaden in England
1415 6734 2449 6782 Die engliſche Finanzwochenſchrift „The Economiſt“
1409 6773 2448 6824 ſtellt feſt, daß die deutſchen Luftangriſſe auf England
1411 6815 2452 6862 während der erſten zwei Kriegsjahre Gebäudeſchäden
1411 6856 2449 6905 in Höhe von 480 Millionen Dollar angerichtet hätten.
1409 6891 2453 6943 Der Geſamtgebäudewert in England werde auf 24
1415 6943 1924 6985 Milliarden Dollar geſchätzt.
2568 4832 3564 4873 Eine japaniſche Rundſunkrede. In einer über den
2527 4872 3569 4913 ganzen japaniſchen Rundfunk verbreiteten Rede er⸗
2525 4913 3566 4953 klärte der Chef der Preſſeabteilung des Hauptquar⸗
2524 4952 3563 4995 tiers des Tenno, Mabuchi, Japan ſei nunmehr ge⸗
2528 4993 3565 5036 zwungen, den antijapaniſchen Einkreiſungsring der ſo⸗
2527 5034 3566 5075 genannten ABCD⸗Allianz zu zerſchlagen, Es ſei un⸗
2527 5074 3566 5117 ſinnig, den Tod mit gefalteten Händen und untätig
2519 5117 2768 5160 zu erwarten.
2565 5178 3568 5218 Großfeuer in Südſchweden. Die Neck⸗Fabrik in
2521 5219 3568 5261 Noſſebro wurde am Sonntag das Opfer eines Groß⸗
2523 5259 3566 5300 feuers, das in wenigen Stunden ſämtliche Anlagen
2517 5302 3568 5340 der Fabrik zerſtörte. Das 2500 Quadratmeter große
2525 5343 3567 5381 Fabrikgelände war hauptſächlich mit Holzgebäuden be⸗
2521 5382 3565 5424 baut; Necks Fabrik ſtellt Blech⸗ und Eiſenmanufak⸗
2514 5418 2708 5464 turen her.
2558 5484 3561 5525 Britiſches Transatlantikflugzeng vermißt. Ein Trans⸗
2522 5525 3565 5565 portflugzeug des Transatlantikdienſtes der britiſchen
2516 5566 3566 5606 Luftwaffe wird am Dienstagnachmittag amtlich in
2518 5606 3565 5648 London als vermitßt gemeldet. Das Flugzeug hat
2521 5648 3565 5688 Neuyork am Montag verlaſſen und ſollte planmäßig
2521 5689 3565 5728 am Dienstagmorgen in England eintreffen. An Bord
2522 5729 3564 5770 befinden ſich zehn Perſonen, ſechs Paſſagiere und vier
2513 5770 2860 5816 Mann Beſatzung.
2565 5834 3559 5874 Waſhington erwartet Sowjetdelegation. In Wa⸗
2521 5874 3563 5913 ſhington wird eine aus 47 Diplomaten beſtehende
2516 5914 3556 5954 Sowjetdelegation erwartet, die mit der nordamerika⸗
2518 5955 3556 5995 niſchen Regierung die Verhandlungen über die Hilfe
2521 5995 3561 6035 an die Sowjetunion einleiten ſoll. Die Delegation iſt
2515 6037 3567 6076 von Moskau aus über Sibirien und Alaska geflogen
2519 6076 3555 6116 und hat die ſowjetruſſiſche Hauptſtadt am Donnerstag
2516 6114 2700 6160 verlaſſen.
2563 6179 3556 6221 Erſatzwahlen in Wisconſin. Wie „New York Daily
2518 6220 3560 6263 News“ berichtet, gewann bei den Erſatzwahlen in fünf
2516 6262 3557 6301 Grafſchaften des Staates Wisconſin der Republikaner
2514 6302 3552 6342 Lawrence Smith einen Abgeordnetenſitz im Bundes⸗
2513 6342 3562 6383 kongreß gegen den Rooſevelt⸗Anhänger und Demo⸗
2512 6383 3560 6422 kraten Thomas Amlie. Der Vorſprung betrug faſt
2514 6427 2772 6472 zwei zu eins.
2558 6488 3561 6529 Starkes Erdbeben. Am Montag verzeichnete das
2518 6526 3561 6571 Belgrader Seismologiſche Inſtitut ein ſtarkes Erd⸗
2514 6568 3560 6612 beben. Das Epizentrum befand ſich 635 Kilometer
2510 6612 2935 6651 von Belgrad entfernt.
2562 6685 3558 6726 Drei 100 000⸗Reichsmark⸗Gewinne gezogen. In der
2513 6725 3556 6767 Dienstagvormittagsziehung der fünften Klaſſe der
2517 6765 3559 6807 fünften deutſchen Reichslotterie fielen drei Gewinne
2509 6806 3555 6849 von je 100 000 Reichsmark auf die Nummer 51 248.
2509 6847 3554 6890 Die Loſe werden in der erſten und zweiten Abteilung
2510 6888 3556 6930 in Viertelteilung, in der dritten Abteilung in Achtel⸗
2511 6932 2816 6971 teilung geſpielt.
