<?xml version="1.0" encoding="UTF-8" standalone="yes"?>
<PcGts xmlns="http://schema.primaresearch.org/PAGE/gts/pagecontent/2013-07-15" xmlns:xsi="http://www.w3.org/2001/XMLSchema-instance" xsi:schemaLocation="http://schema.primaresearch.org/PAGE/gts/pagecontent/2013-07-15 http://schema.primaresearch.org/PAGE/gts/pagecontent/2013-07-15/pagecontent.xsd">
    <Metadata>
        <Creator>prov=READ-COOP:name=PyLaia@TranskribusPlatform:version=0.8.4:model_id=40804:lm=none:date=19_11_2022_23:20</Creator>
        <Created>2022-08-26T18:25:13.941+02:00</Created>
        <LastChange>2023-05-11T21:13:51.635+02:00</LastChange>
        <Comments>
                Measurement unit: pixel
                PrimaryLanguage: 
                Producer: Transkribus
            </Comments>
        <TranskribusMetadata docId="1126041" pageId="46550255" pageNr="1" tsid="121616366" status="GT" userId="109938" imgUrl="https://files.transkribus.eu/Get?id=SKSGQZFSANKMTEOEENNITPZT&amp;fileType=view" xmlUrl="https://files.transkribus.eu/Get?id=GPDOHFQJSGBUNAKJZHSHSYEC" imageId="37937418"/>
    </Metadata>
    <Page imageFilename="hkb_1941-09-03_0002.jpg" imageWidth="5194" imageHeight="7366">
        <PrintSpace>
            <Coords points="360,179 5061,175 5065,7219 364,7223"/>
        </PrintSpace>
        <ReadingOrder>
            <OrderedGroup id="ro_1688452616666" caption="Regions reading order">
                <RegionRefIndexed index="0" regionRef="r1"/>
                <RegionRefIndexed index="1" regionRef="r4"/>
                <RegionRefIndexed index="2" regionRef="r2"/>
                <RegionRefIndexed index="3" regionRef="r3"/>
                <RegionRefIndexed index="4" regionRef="r5"/>
                <RegionRefIndexed index="5" regionRef="r6"/>
                <RegionRefIndexed index="6" regionRef="r7"/>
                <RegionRefIndexed index="7" regionRef="r8"/>
                <RegionRefIndexed index="8" regionRef="r9"/>
                <RegionRefIndexed index="9" regionRef="r10"/>
                <RegionRefIndexed index="10" regionRef="r11"/>
                <RegionRefIndexed index="11" regionRef="r12"/>
                <RegionRefIndexed index="12" regionRef="r13"/>
                <RegionRefIndexed index="13" regionRef="r14"/>
                <RegionRefIndexed index="14" regionRef="r15"/>
                <RegionRefIndexed index="15" regionRef="r16"/>
                <RegionRefIndexed index="16" regionRef="r17"/>
                <RegionRefIndexed index="17" regionRef="r18"/>
                <RegionRefIndexed index="18" regionRef="r19"/>
            </OrderedGroup>
        </ReadingOrder>
        <TextRegion type="header" id="r1" custom="readingOrder {index:0;} structure {type:header;}">
            <Coords points="509,1286 2326,1286 2326,1403 510,1413"/>
            <TextLine id="r1l1" custom="readingOrder {index:0;}">
                <Coords points="519,1296 687,1292 755,1292 2319,1291 2322,1393 519,1402"/>
                <Baseline points="527,1387 754,1392 797,1392 2311,1384"/>
                <TextEquiv>
                    <Unicode>DAS NATIONALSOZIALISTISCHE</Unicode>
                </TextEquiv>
            </TextLine>
            <TextEquiv>
                <Unicode>DAS NATIONALSOZIALISTISCHE</Unicode>
            </TextEquiv>
        </TextRegion>
        <TextRegion type="header" id="r4" custom="readingOrder {index:1;} structure {type:header;}">
            <Coords points="2958,1273 4803,1264 4806,1386 2953,1394"/>
            <TextLine id="r4l1" custom="readingOrder {index:0;}">
                <Coords points="2964,1290 4350,1275 4629,1275 4797,1271 4797,1371 4394,1379 3433,1383 3044,1382 2960,1381"/>
                <Baseline points="2964,1375 3675,1372 3713,1372 4789,1363"/>
                <TextEquiv>
                    <Unicode>KAMPFBLATT NORDWESTBADENS</Unicode>
                </TextEquiv>
            </TextLine>
            <TextEquiv>
                <Unicode>KAMPFBLATT NORDWESTBADENS</Unicode>
            </TextEquiv>
        </TextRegion>
        <TextRegion type="header" id="r2" custom="readingOrder {index:2;} structure {type:header;}">
            <Coords points="462,1455 1007,1455 1007,1552 462,1552"/>
            <TextLine id="r2l1" custom="readingOrder {index:0;}">
                <Coords points="484,1480 531,1479 788,1479 961,1480 993,1494 1004,1542 894,1546 715,1547 531,1547 478,1545"/>
                <Baseline points="484,1536 993,1533"/>
                <TextEquiv>
                    <Unicode>Montag⸗Ausgabe</Unicode>
                </TextEquiv>
            </TextLine>
            <TextEquiv>
                <Unicode></Unicode>
            </TextEquiv>
        </TextRegion>
        <TextRegion type="header" id="r3" custom="readingOrder {index:3;} structure {type:header;}">
            <Coords points="1951,1465 2288,1465 2288,1547 1951,1547"/>
            <TextLine id="r3l1" custom="readingOrder {index:0;}">
                <Coords points="1961,1495 1989,1486 2058,1490 2133,1490 2275,1489 2274,1536 2152,1536 1961,1537"/>
                <Baseline points="1971,1526 2032,1527 2058,1527 2267,1526"/>
                <TextEquiv>
                    <Unicode>11. Jahrgang</Unicode>
                </TextEquiv>
            </TextLine>
            <TextEquiv>
                <Unicode>11. Jahrgang</Unicode>
            </TextEquiv>
        </TextRegion>
        <TextRegion type="header" id="r5" custom="readingOrder {index:4;} structure {type:header;}">
            <Coords points="3010,1459 3344,1459 3344,1533 3010,1533"/>
            <TextLine id="r5l1" custom="readingOrder {index:0;}">
                <Coords points="3025,1480 3240,1474 3327,1474 3325,1529 3022,1529"/>
                <Baseline points="3038,1521 3219,1521 3240,1521 3314,1521"/>
                <TextEquiv>
                    <Unicode>Nummer 242</Unicode>
                </TextEquiv>
            </TextLine>
            <TextEquiv>
                <Unicode>Nummer 242</Unicode>
            </TextEquiv>
        </TextRegion>
        <TextRegion type="header" id="r6" custom="readingOrder {index:5;} structure {type:header;}">
            <Coords points="3867,1444 4842,1444 4854,1552 3867,1546"/>
            <TextLine id="r6l1" custom="readingOrder {index:0;}">
                <Coords points="3888,1472 3935,1471 4384,1469 4824,1469 4838,1534 4495,1540 3927,1541 3881,1535"/>
                <Baseline points="3888,1528 4228,1526 4263,1526 4310,1525 4348,1525 4661,1525 4695,1524 4824,1523"/>
                <TextEquiv>
                    <Unicode>Mannheim, 1. September 1941</Unicode>
                </TextEquiv>
            </TextLine>
            <TextEquiv>
                <Unicode></Unicode>
            </TextEquiv>
        </TextRegion>
        <TextRegion type="heading" id="r7" custom="readingOrder {index:6;} structure {type:heading;}">
            <Coords points="635,1688 4681,1688 4669,2203 623,2203"/>
            <TextLine id="r7l1" custom="readingOrder {index:0;}">
                <Coords points="661,1728 2283,1729 3655,1724 4582,1710 4637,1710 4638,1988 4190,1987 2535,2010 1061,2017 938,2017 666,1999"/>
                <Baseline points="690,1987 1521,1986 1619,1986 2199,1983 3114,1978 3216,1978 3559,1977 3655,1977 4621,1973"/>
                <TextEquiv>
                    <Unicode>England droht Spanien mt Ueberfall</Unicode>
                </TextEquiv>
            </TextLine>
            <TextLine id="r7l2" custom="readingOrder {index:1;}">
                <Coords points="893,2043 1531,2037 3153,2035 3670,2028 4244,2023 4409,2034 4419,2152 4210,2165 3337,2161 3153,2161 1656,2170 894,2169"/>
                <Baseline points="905,2154 1177,2153 1220,2153 1556,2150 1594,2150 1874,2151 2068,2146 2529,2143 2574,2143 2990,2143 3105,2143 3788,2140 3829,2140 4005,2141 4395,2137"/>
                <TextEquiv>
                    <Unicode>Letzte Parole: Krieg der Iberischen Halbinsel / Iranverbrechen uar geplant</Unicode>
                </TextEquiv>
            </TextLine>
            <TextEquiv>
                <Unicode>England droht Spanien mt Ueberfall
Letzte Parole: Krieg der Iberischen Halbinsel / Iranverbrechen uar geplant</Unicode>
            </TextEquiv>
        </TextRegion>
        <TextRegion type="paragraph" id="r8" custom="readingOrder {index:7;} structure {type:paragraph;}">
            <Coords points="451,2269 1526,2269 1526,4825 451,4825"/>
            <TextLine id="r8l1" custom="readingOrder {index:0;}">
                <Coords points="595,2281 950,2281 1116,2281 1401,2302 1401,2347 1182,2353 1119,2353 591,2353"/>
                <Baseline points="605,2343 921,2342 950,2342 1037,2342 1066,2342 1386,2340"/>
                <TextEquiv>
                    <Unicode>Phantasien des Aggressors</Unicode>
                </TextEquiv>
            </TextLine>
            <TextLine id="r8l2" custom="readingOrder {index:1;}">
                <Coords points="471,2361 1516,2363 1518,2409 510,2414 469,2414"/>
                <Baseline points="478,2403 816,2403 840,2403 1072,2402 1097,2401 1512,2400"/>
                <TextEquiv>
                    <Unicode>(Von unserer Berliner Schriftleitung)</Unicode>
                </TextEquiv>
            </TextLine>
            <TextLine id="r8l3" custom="readingOrder {index:2;}">
                <Coords points="891,2418 1047,2422 1442,2422 1465,2423 1476,2466 1442,2466 1396,2469 1047,2469 896,2472"/>
                <Baseline points="901,2464 1047,2461 1198,2460 1307,2461 1465,2459"/>
                <TextEquiv>
                    <Unicode>G. S. Berlin, 31. Auguſt.</Unicode>
                </TextEquiv>
            </TextLine>
            <TextLine id="r8l4" custom="readingOrder {index:3;}">
                <Coords points="518,2489 883,2487 1185,2486 1461,2486 1515,2494 1522,2528 1433,2531 676,2536 642,2536 572,2535 509,2533"/>
                <Baseline points="518,2527 617,2527 642,2527 752,2527 776,2527 856,2527 883,2526 1020,2525 1047,2525 1091,2526 1112,2526 1305,2524 1330,2524 1515,2521"/>
                <TextEquiv>
                    <Unicode>Nach Iran und Türkei iſt nunmehr Spanien</Unicode>
                </TextEquiv>
            </TextLine>
            <TextLine id="r8l5" custom="readingOrder {index:4;}">
                <Coords points="472,2546 546,2539 634,2537 889,2535 1213,2533 1448,2533 1512,2542 1524,2574 1396,2577 741,2580 719,2580 469,2577"/>
                <Baseline points="472,2575 524,2574 546,2574 615,2574 634,2574 766,2574 790,2573 867,2573 889,2573 1071,2572 1094,2572 1253,2571 1279,2571 1323,2571 1332,2571 1512,2570"/>
                <TextEquiv>
                    <Unicode>an der Reihe, von England bedroht zu werden.</Unicode>
                </TextEquiv>
            </TextLine>
            <TextLine id="r8l6" custom="readingOrder {index:5;}">
                <Coords points="472,2584 588,2583 1063,2579 1439,2577 1483,2577 1516,2586 1517,2623 681,2629 588,2629 462,2625"/>
                <Baseline points="472,2621 558,2620 588,2620 681,2619 712,2619 790,2620 822,2619 884,2620 916,2620 1131,2617 1160,2618 1232,2617 1262,2617 1406,2617 1439,2617 1510,2617"/>
                <TextEquiv>
                    <Unicode>Uns liegt jetzt ein Leitartikel des „Daily Ex⸗</Unicode>
                </TextEquiv>
            </TextLine>
            <TextLine id="r8l7" custom="readingOrder {index:6;}">
                <Coords points="464,2635 540,2630 678,2629 1303,2626 1451,2626 1510,2635 1520,2666 1451,2671 1283,2672 563,2676 540,2676 464,2674"/>
                <Baseline points="471,2667 586,2668 607,2668 661,2669 897,2667 979,2666 1094,2665 1202,2664 1283,2665 1428,2663 1510,2662"/>
                <TextEquiv>
                    <Unicode>preß“ im Wortlaut vor, aus dem ſehr offen her⸗</Unicode>
                </TextEquiv>
            </TextLine>
            <TextLine id="r8l8" custom="readingOrder {index:7;}">
                <Coords points="471,2683 587,2676 970,2675 1326,2671 1510,2671 1518,2715 1473,2713 1186,2720 744,2722 543,2722 462,2715"/>
                <Baseline points="471,2713 639,2713 668,2713 744,2713 772,2713 864,2713 896,2713 938,2712 967,2712 1186,2712 1215,2712 1295,2711 1326,2710 1507,2709"/>
                <TextEquiv>
                    <Unicode>vorgeht, daß man in politiſchen und militäri⸗</Unicode>
                </TextEquiv>
            </TextLine>
            <TextLine id="r8l9" custom="readingOrder {index:8;}">
                <Coords points="458,2722 747,2724 775,2724 1489,2717 1513,2723 1520,2759 1421,2763 1269,2766 759,2768 589,2764 458,2765"/>
                <Baseline points="470,2758 585,2760 606,2761 775,2759 788,2759 998,2758 1029,2758 1140,2758 1171,2757 1321,2756 1352,2756 1421,2755 1449,2754 1513,2753"/>
                <TextEquiv>
                    <Unicode>ſchen Kreiſen Englands einen Einfall auf die</Unicode>
                </TextEquiv>
            </TextLine>
            <TextLine id="r8l10" custom="readingOrder {index:9;}">
                <Coords points="462,2769 507,2768 771,2767 1377,2765 1474,2765 1510,2771 1517,2807 1464,2807 1249,2812 655,2815 462,2815"/>
                <Baseline points="470,2806 664,2807 693,2807 895,2805 923,2806 965,2806 995,2806 1068,2805 1097,2805 1249,2803 1279,2803 1356,2804 1377,2804 1510,2800"/>
                <TextEquiv>
                    <Unicode>Iberiſche Halbinſel in den Bereich der Eröte⸗</Unicode>
                </TextEquiv>
            </TextLine>
            <TextLine id="r8l11" custom="readingOrder {index:10;}">
                <Coords points="470,2822 835,2815 977,2813 1411,2812 1463,2812 1517,2816 1517,2852 1463,2856 570,2859 547,2859 462,2858"/>
                <Baseline points="470,2853 620,2852 646,2852 808,2853 835,2852 913,2852 941,2852 1110,2851 1138,2850 1260,2850 1289,2850 1355,2850 1384,2849 1512,2847"/>
                <TextEquiv>
                    <Unicode>rungen gezogen hat. Charles Foley hat dieſen</Unicode>
                </TextEquiv>
            </TextLine>
            <TextLine id="r8l12" custom="readingOrder {index:11;}">
                <Coords points="470,2864 727,2862 1497,2857 1517,2857 1517,2901 1376,2904 778,2909 645,2909 464,2904"/>
                <Baseline points="470,2899 612,2899 645,2898 886,2898 919,2897 1084,2897 1117,2897 1249,2898 1276,2898 1409,2895 1442,2895 1512,2894"/>
                <TextEquiv>
                    <Unicode>Artikel geſchrieben, betitelt: „Fünf Wege, auf</Unicode>
                </TextEquiv>
            </TextLine>
            <TextLine id="r8l13" custom="readingOrder {index:12;}">
                <Coords points="469,2909 1243,2905 1465,2905 1501,2907 1517,2917 1521,2945 1499,2946 1351,2950 1040,2954 788,2954 752,2954 461,2951"/>
                <Baseline points="469,2944 591,2945 618,2945 693,2946 721,2946 793,2946 819,2945 885,2945 916,2945 1198,2943 1226,2943 1400,2942 1426,2942 1511,2940"/>
                <TextEquiv>
                    <Unicode>denen wir mit der Sowjetunion kämpfen kön⸗</Unicode>
                </TextEquiv>
            </TextLine>
            <TextLine id="r8l14" custom="readingOrder {index:13;}">
                <Coords points="467,2965 547,2956 604,2955 741,2954 1124,2952 1393,2951 1511,2951 1518,2990 1486,2992 1305,2996 1218,2998 895,2999 741,2999 466,2997"/>
                <Baseline points="470,2992 579,2993 604,2994 702,2992 725,2992 895,2992 917,2992 1238,2990 1262,2990 1305,2989 1328,2989 1370,2990 1393,2990 1511,2986"/>
                <TextEquiv>
                    <Unicode>nen“. Eine britiſche Militärmiſſion iſt in Mos⸗</Unicode>
                </TextEquiv>
            </TextLine>
            <TextLine id="r8l15" custom="readingOrder {index:14;}">
                <Coords points="470,3002 1116,2998 1411,2997 1482,2997 1512,3005 1523,3037 1444,3042 905,3045 549,3046 526,3046 461,3042"/>
                <Baseline points="470,3038 549,3039 574,3038 657,3038 682,3038 905,3037 927,3038 1248,3036 1301,3035 1356,3035 1381,3035 1444,3033 1470,3033 1512,3032"/>
                <TextEquiv>
                    <Unicode>kau, eine ſowjetiſche Militärmiſſion hält ſich in</Unicode>
                </TextEquiv>
            </TextLine>
            <TextLine id="r8l16" custom="readingOrder {index:15;}">
                <Coords points="461,3046 1520,3040 1521,3086 465,3091"/>
                <Baseline points="471,3086 1514,3081"/>
                <TextEquiv>
                    <Unicode>London auf, ſo erklärt der Artikel. „Welche</Unicode>
                </TextEquiv>
            </TextLine>
            <TextLine id="r8l17" custom="readingOrder {index:16;}">
                <Coords points="463,3094 1518,3088 1517,3131 463,3139"/>
                <Baseline points="474,3134 1513,3126"/>
                <TextEquiv>
                    <Unicode>Pläne dieſe Männer für die völlige Vernich⸗</Unicode>
                </TextEquiv>
            </TextLine>
            <TextLine id="r8l18" custom="readingOrder {index:17;}">
                <Coords points="467,3140 1516,3135 1516,3179 467,3184"/>
                <Baseline points="471,3180 1513,3174"/>
                <TextEquiv>
                    <Unicode>tung Deutſchlands ausarbeiten, wiſſen wir</Unicode>
                </TextEquiv>
            </TextLine>
            <TextLine id="r8l19" custom="readingOrder {index:18;}">
                <Coords points="463,3187 1514,3182 1514,3226 463,3231"/>
                <Baseline points="472,3226 1512,3220"/>
                <TextEquiv>
                    <Unicode>nicht. Wenn alles gut geht, könnte evtl. ein</Unicode>
                </TextEquiv>
            </TextLine>
            <TextLine id="r8l20" custom="readingOrder {index:19;}">
                <Coords points="468,3231 1512,3226 1512,3272 468,3277"/>
                <Baseline points="470,3269 1508,3263"/>
                <TextEquiv>
                    <Unicode>kombinierter Angriff auf einen oder mehreren</Unicode>
                </TextEquiv>
            </TextLine>
            <TextLine id="r8l21" custom="readingOrder {index:20;}">
                <Coords points="467,3280 1513,3272 1513,3317 467,3325"/>
                <Baseline points="472,3317 1511,3309"/>
                <TextEquiv>
                    <Unicode>der fünf Wege vorgetragen werden, wie ich</Unicode>
                </TextEquiv>
            </TextLine>
            <TextLine id="r8l22" custom="readingOrder {index:21;}">
                <Coords points="469,3326 1512,3319 1512,3365 469,3372"/>
                <Baseline points="475,3363 1509,3356"/>
                <TextEquiv>
                    <Unicode>nachſtehend entwickele.“ Dieſer Artikel, der</Unicode>
                </TextEquiv>
            </TextLine>
            <TextLine id="r8l23" custom="readingOrder {index:22;}">
                <Coords points="468,3371 1511,3364 1511,3409 468,3416"/>
                <Baseline points="472,3409 1507,3402"/>
                <TextEquiv>
                    <Unicode>einige Tage vor dem Beginn des britiſch⸗bol⸗</Unicode>
                </TextEquiv>
            </TextLine>
            <TextLine id="r8l24" custom="readingOrder {index:23;}">
                <Coords points="467,3420 1512,3410 1512,3455 467,3465"/>
                <Baseline points="472,3456 1509,3447"/>
                <TextEquiv>
                    <Unicode>ſchewiſtiſchen Einfalls in den Iran geſchrieben</Unicode>
                </TextEquiv>
            </TextLine>
            <TextLine id="r8l25" custom="readingOrder {index:24;}">
                <Coords points="468,3467 1508,3458 1509,3503 469,3512"/>
                <Baseline points="471,3504 1508,3493"/>
                <TextEquiv>
                    <Unicode>iſt, entwickelt als fünften Weg eine oſtwärts</Unicode>
                </TextEquiv>
            </TextLine>
            <TextLine id="r8l26" custom="readingOrder {index:25;}">
                <Coords points="467,3513 528,3512 1074,3507 1435,3506 1510,3506 1515,3547 1406,3551 1286,3553 1203,3554 973,3554 466,3558"/>
                <Baseline points="467,3553 585,3549 886,3547 1298,3545 1327,3545 1406,3545 1435,3544 1510,3541"/>
                <TextEquiv>
                    <Unicode>Kairo beginnende Truppenbewegung, um, wie</Unicode>
                </TextEquiv>
            </TextLine>
            <TextLine id="r8l27" custom="readingOrder {index:26;}">
                <Coords points="468,3566 488,3561 671,3557 1509,3550 1510,3594 671,3601 488,3601 462,3596"/>
                <Baseline points="468,3593 511,3595 545,3595 1510,3586"/>
                <TextEquiv>
                    <Unicode>es wörtlich heißt: „Durch die willige Türkei</Unicode>
                </TextEquiv>
            </TextLine>
            <TextLine id="r8l28" custom="readingOrder {index:27;}">
                <Coords points="466,3605 1510,3598 1510,3640 462,3649"/>
                <Baseline points="472,3642 1506,3635"/>
                <TextEquiv>
                    <Unicode>oder den Iran die Verbindung mit den Bolſche⸗</Unicode>
                </TextEquiv>
            </TextLine>
            <TextLine id="r8l29" custom="readingOrder {index:28;}">
                <Coords points="462,3651 1510,3645 1510,3688 462,3694"/>
                <Baseline points="469,3690 1510,3683"/>
                <TextEquiv>
                    <Unicode>wiſten aufzunehmen“. Dieſe große Einkrei⸗</Unicode>
                </TextEquiv>
            </TextLine>
            <TextLine id="r8l30" custom="readingOrder {index:29;}">
                <Coords points="468,3699 1505,3692 1505,3734 468,3741"/>
                <Baseline points="471,3736 1505,3729"/>
                <TextEquiv>
                    <Unicode>ſungsbewegung würde, wie es weiter heißt,</Unicode>
                </TextEquiv>
            </TextLine>
            <TextLine id="r8l31" custom="readingOrder {index:30;}">
                <Coords points="466,3744 1511,3735 1509,3779 464,3788"/>
                <Baseline points="471,3783 1506,3775"/>
                <TextEquiv>
                    <Unicode>Hitler den Weg zu den Oelquellen verlegen</Unicode>
                </TextEquiv>
            </TextLine>
            <TextLine id="r8l32" custom="readingOrder {index:31;}">
                <Coords points="464,3793 1515,3782 1515,3826 464,3837"/>
                <Baseline points="470,3830 1509,3821"/>
                <TextEquiv>
                    <Unicode>und das Schwarze Meer in dieſe Einkreiſung</Unicode>
                </TextEquiv>
            </TextLine>
            <TextLine id="r8l33" custom="readingOrder {index:32;}">
                <Coords points="465,3835 1506,3827 1516,3871 465,3879"/>
                <Baseline points="471,3874 1506,3866"/>
                <TextEquiv>
                    <Unicode>hineinbeziehen. — Dieſer Schritt iſt inzwiſchen</Unicode>
                </TextEquiv>
            </TextLine>
            <TextLine id="r8l34" custom="readingOrder {index:33;}">
                <Coords points="466,3881 1508,3874 1508,3917 466,3924"/>
                <Baseline points="466,3919 1508,3912"/>
                <TextEquiv>
                    <Unicode>von Engländern und Bolſchewiſten ausgeführt</Unicode>
                </TextEquiv>
            </TextLine>
            <TextLine id="r8l35" custom="readingOrder {index:34;}">
                <Coords points="468,3930 1508,3920 1508,3964 468,3974"/>
                <Baseline points="468,3969 1508,3959"/>
                <TextEquiv>
                    <Unicode>worden. Der Ueberfall auf den Iran iſt erfolgt.</Unicode>
                </TextEquiv>
            </TextLine>
            <TextLine id="r8l36" custom="readingOrder {index:35;}">
                <Coords points="468,3977 645,3974 1247,3969 1506,3969 1514,4011 1463,4014 846,4017 810,4019 463,4018"/>
                <Baseline points="468,4013 617,4012 645,4012 718,4011 747,4011 863,4010 893,4010 934,4009 964,4009 1053,4009 1081,4009 1147,4008 1177,4008 1215,4007 1247,4007 1506,4004"/>
                <TextEquiv>
                    <Unicode>Gerade das macht es aber um ſo bedeutungs⸗</Unicode>
                </TextEquiv>
            </TextLine>
            <TextLine id="r8l37" custom="readingOrder {index:36;}">
                <Coords points="467,4028 520,4023 624,4021 936,4018 1336,4015 1348,4015 1441,4017 1507,4023 1516,4057 915,4063 595,4065 566,4065 459,4063"/>
                <Baseline points="467,4058 595,4058 624,4058 698,4057 728,4057 768,4057 794,4057 1007,4055 1034,4055 1178,4054 1207,4053 1270,4053 1298,4052 1507,4050"/>
                <TextEquiv>
                    <Unicode>voller, daß in demſelben Artikel als vierter</Unicode>
                </TextEquiv>
            </TextLine>
            <TextLine id="r8l38" custom="readingOrder {index:37;}">
                <Coords points="466,4069 1120,4063 1287,4062 1331,4062 1508,4064 1508,4105 1084,4109 582,4113 503,4113 463,4110"/>
                <Baseline points="468,4106 582,4105 619,4105 679,4104 715,4103 937,4102 973,4102 1084,4103 1120,4102 1371,4098 1407,4098 1508,4097"/>
                <TextEquiv>
                    <Unicode>Weg ein Einfall nach Spanien emp⸗</Unicode>
                </TextEquiv>
            </TextLine>
            <TextLine id="r8l39" custom="readingOrder {index:38;}">
                <Coords points="470,4116 697,4113 786,4112 1251,4107 1387,4107 1422,4110 1439,4117 1450,4147 1356,4153 531,4159 470,4159"/>
                <Baseline points="470,4153 598,4151 620,4151 730,4150 755,4150 935,4148 961,4148 1062,4148 1086,4147 1206,4147 1228,4146 1439,4143"/>
                <TextEquiv>
                    <Unicode>fohlen wird. Wörtlich heißt dieſer Abſchnitt:</Unicode>
                </TextEquiv>
            </TextLine>
            <TextLine id="r8l40" custom="readingOrder {index:39;}">
                <Coords points="509,4190 539,4161 1030,4154 1293,4151 1506,4151 1513,4195 1458,4199 536,4206 509,4206"/>
                <Baseline points="514,4200 660,4198 774,4196 817,4196 885,4196 926,4195 992,4197 1030,4196 1251,4193 1293,4192 1506,4191"/>
                <TextEquiv>
                    <Unicode>„Der Krieg auf der Iberiſchen Halbinſel.</Unicode>
                </TextEquiv>
            </TextLine>
            <TextLine id="r8l41" custom="readingOrder {index:40;}">
                <Coords points="466,4208 680,4206 1239,4201 1473,4201 1503,4208 1515,4244 1433,4246 807,4254 680,4254 543,4253 462,4254"/>
                <Baseline points="466,4246 597,4245 630,4245 832,4243 864,4243 998,4242 1027,4242 1093,4242 1125,4242 1186,4241 1218,4241 1504,4238"/>
                <TextEquiv>
                    <Unicode>Dieſer Vorſchlag könnte für die Achſenanhän⸗</Unicode>
                </TextEquiv>
            </TextLine>
            <TextLine id="r8l42" custom="readingOrder {index:41;}">
                <Coords points="465,4266 559,4256 942,4250 1162,4248 1414,4247 1463,4247 1504,4255 1511,4287 1448,4291 1386,4293 977,4296 689,4298 488,4299 465,4299"/>
                <Baseline points="469,4292 531,4293 559,4293 600,4293 628,4293 809,4290 834,4290 914,4289 942,4289 1137,4287 1162,4287 1386,4284 1414,4284 1504,4284"/>
                <TextEquiv>
                    <Unicode>ger in Spanien und Portugal ſchmerzlich ſein.</Unicode>
                </TextEquiv>
            </TextLine>
            <TextLine id="r8l43" custom="readingOrder {index:42;}">
                <Coords points="468,4304 608,4302 1003,4297 1369,4293 1509,4293 1509,4337 1216,4339 498,4346 466,4346"/>
                <Baseline points="468,4340 522,4341 556,4340 686,4339 722,4338 797,4338 834,4337 899,4336 934,4335 1081,4335 1111,4335 1236,4334 1270,4334 1336,4333 1369,4332 1504,4330"/>
                <TextEquiv>
                    <Unicode>Er würde von der breiten Maſſe der betref⸗</Unicode>
                </TextEquiv>
            </TextLine>
            <TextLine id="r8l44" custom="readingOrder {index:43;}">
                <Coords points="465,4350 1504,4341 1511,4382 1470,4386 926,4390 465,4394"/>
                <Baseline points="468,4387 606,4388 627,4388 763,4385 785,4385 947,4384 969,4383 1133,4382 1155,4382 1279,4381 1301,4381 1340,4380 1362,4380 1435,4379 1457,4379 1505,4379"/>
                <TextEquiv>
                    <Unicode>fenden Völker begrüßt werden, genau ſo wie ſie</Unicode>
                </TextEquiv>
            </TextLine>
            <TextLine id="r8l45" custom="readingOrder {index:44;}">
                <Coords points="468,4399 588,4396 905,4392 1261,4390 1468,4389 1505,4389 1512,4430 1325,4434 1068,4437 757,4440 620,4441 588,4441 488,4439 462,4437"/>
                <Baseline points="468,4433 539,4434 588,4433 757,4431 857,4431 1068,4429 1118,4428 1210,4427 1261,4427 1375,4428 1424,4427 1505,4423"/>
                <TextEquiv>
                    <Unicode>den Feldzug Wellingtons gern ſahen und</Unicode>
                </TextEquiv>
            </TextLine>
            <TextLine id="r8l46" custom="readingOrder {index:45;}">
                <Coords points="467,4452 507,4444 581,4441 1123,4435 1400,4434 1443,4434 1503,4445 1512,4477 1463,4479 1365,4481 740,4486 581,4486 462,4484"/>
                <Baseline points="467,4480 740,4478 793,4478 879,4477 907,4477 1010,4477 1042,4476 1365,4472 1400,4472 1503,4471"/>
                <TextEquiv>
                    <Unicode>unterſtützten. Mit ihrer Durchdringung Spa⸗</Unicode>
                </TextEquiv>
            </TextLine>
            <TextLine id="r8l47" custom="readingOrder {index:46;}">
                <Coords points="468,4501 500,4489 771,4486 1186,4482 1414,4481 1426,4481 1505,4488 1513,4523 1342,4529 640,4533 625,4533 462,4532"/>
                <Baseline points="468,4527 586,4528 625,4527 706,4526 744,4526 806,4526 846,4526 1051,4523 1090,4523 1145,4523 1186,4523 1353,4520 1393,4519 1506,4518"/>
                <TextEquiv>
                    <Unicode>niens ſind die Deutſchen im Begriff, einen</Unicode>
                </TextEquiv>
            </TextLine>
            <TextLine id="r8l48" custom="readingOrder {index:47;}">
                <Coords points="468,4538 702,4531 1343,4529 1357,4529 1443,4531 1505,4539 1511,4570 1384,4572 1086,4577 905,4577 460,4582"/>
                <Baseline points="468,4576 667,4574 894,4569 1086,4571 1308,4568 1343,4567 1384,4567 1419,4566 1505,4565"/>
                <TextEquiv>
                    <Unicode>Vorwand für eine britiſche Landung in dem</Unicode>
                </TextEquiv>
            </TextLine>
            <TextLine id="r8l49" custom="readingOrder {index:48;}">
                <Coords points="469,4586 516,4583 1392,4574 1462,4574 1489,4576 1510,4589 1514,4620 1488,4617 738,4627 516,4627 463,4626"/>
                <Baseline points="469,4621 738,4620 767,4619 1018,4616 1044,4616 1126,4616 1153,4616 1232,4615 1249,4615 1362,4613 1392,4613 1503,4613"/>
                <TextEquiv>
                    <Unicode>befreundeten Baskenland und für einen Blitz⸗</Unicode>
                </TextEquiv>
            </TextLine>
            <TextLine id="r8l50" custom="readingOrder {index:49;}">
                <Coords points="468,4637 539,4630 753,4627 1020,4624 1296,4622 1455,4622 1505,4630 1513,4663 1335,4667 617,4676 582,4676 539,4675 461,4673"/>
                <Baseline points="468,4668 617,4667 640,4667 728,4667 753,4666 994,4662 1175,4661 1296,4661 1505,4658"/>
                <TextEquiv>
                    <Unicode>vorſtoß zum Mittelmeer weſtlich der Pyrenäen</Unicode>
                </TextEquiv>
            </TextLine>
            <TextLine id="r8l51" custom="readingOrder {index:50;}">
                <Coords points="462,4687 541,4677 581,4676 885,4671 1289,4669 1505,4669 1505,4712 1350,4715 1133,4715 709,4722 581,4722 462,4721"/>
                <Baseline points="469,4715 515,4715 541,4714 709,4713 858,4711 1133,4710 1390,4707 1505,4704"/>
                <TextEquiv>
                    <Unicode>zu ſchaffen. Eine gleichzeitige Expedition nach</Unicode>
                </TextEquiv>
            </TextLine>
            <TextLine id="r8l52" custom="readingOrder {index:51;}">
                <Coords points="469,4724 491,4723 1318,4714 1478,4714 1504,4717 1510,4757 1478,4759 1340,4761 1263,4761 469,4769"/>
                <Baseline points="469,4761 674,4760 819,4759 1064,4756 1263,4754 1504,4752"/>
                <TextEquiv>
                    <Unicode>Portugal, das auf Grund ſeines Bündniſſes</Unicode>
                </TextEquiv>
            </TextLine>
            <TextLine id="r8l53" custom="readingOrder {index:52;}">
                <Coords points="472,4778 530,4770 1237,4762 1332,4762 1506,4770 1511,4805 1415,4808 1106,4812 647,4816 530,4816 463,4813"/>
                <Baseline points="472,4808 702,4808 802,4807 906,4806 1001,4805 1127,4804 1415,4801 1506,4800"/>
                <TextEquiv>
                    <Unicode>verpflichtet iſt, uns alle Hilfe zu gewähren, um</Unicode>
                </TextEquiv>
            </TextLine>
            <TextEquiv>
                <Unicode>Phantasien des Aggressors
(Von unserer Berliner Schriftleitung)
G. S. Berlin, 31. Auguſt.
Nach Iran und Türkei iſt nunmehr Spanien
an der Reihe, von England bedroht zu werden.
Uns liegt jetzt ein Leitartikel des „Daily Ex⸗
preß“ im Wortlaut vor, aus dem ſehr offen her⸗
vorgeht, daß man in politiſchen und militäri⸗
ſchen Kreiſen Englands einen Einfall auf die
Iberiſche Halbinſel in den Bereich der Eröte⸗
rungen gezogen hat. Charles Foley hat dieſen
Artikel geſchrieben, betitelt: „Fünf Wege, auf
denen wir mit der Sowjetunion kämpfen kön⸗
nen“. Eine britiſche Militärmiſſion iſt in Mos⸗
kau, eine ſowjetiſche Militärmiſſion hält ſich in
London auf, ſo erklärt der Artikel. „Welche
Pläne dieſe Männer für die völlige Vernich⸗
tung Deutſchlands ausarbeiten, wiſſen wir
nicht. Wenn alles gut geht, könnte evtl. ein
kombinierter Angriff auf einen oder mehreren
der fünf Wege vorgetragen werden, wie ich
nachſtehend entwickele.“ Dieſer Artikel, der
einige Tage vor dem Beginn des britiſch⸗bol⸗
ſchewiſtiſchen Einfalls in den Iran geſchrieben
iſt, entwickelt als fünften Weg eine oſtwärts
Kairo beginnende Truppenbewegung, um, wie
es wörtlich heißt: „Durch die willige Türkei
oder den Iran die Verbindung mit den Bolſche⸗
wiſten aufzunehmen“. Dieſe große Einkrei⸗
ſungsbewegung würde, wie es weiter heißt,
Hitler den Weg zu den Oelquellen verlegen
und das Schwarze Meer in dieſe Einkreiſung
hineinbeziehen. — Dieſer Schritt iſt inzwiſchen
von Engländern und Bolſchewiſten ausgeführt
worden. Der Ueberfall auf den Iran iſt erfolgt.
Gerade das macht es aber um ſo bedeutungs⸗
voller, daß in demſelben Artikel als vierter
Weg ein Einfall nach Spanien emp⸗
fohlen wird. Wörtlich heißt dieſer Abſchnitt:
„Der Krieg auf der Iberiſchen Halbinſel.
Dieſer Vorſchlag könnte für die Achſenanhän⸗
ger in Spanien und Portugal ſchmerzlich ſein.
Er würde von der breiten Maſſe der betref⸗
fenden Völker begrüßt werden, genau ſo wie ſie
den Feldzug Wellingtons gern ſahen und
unterſtützten. Mit ihrer Durchdringung Spa⸗
niens ſind die Deutſchen im Begriff, einen
Vorwand für eine britiſche Landung in dem
befreundeten Baskenland und für einen Blitz⸗
vorſtoß zum Mittelmeer weſtlich der Pyrenäen
zu ſchaffen. Eine gleichzeitige Expedition nach
Portugal, das auf Grund ſeines Bündniſſes
verpflichtet iſt, uns alle Hilfe zu gewähren, um</Unicode>
            </TextEquiv>
        </TextRegion>
        <TextRegion type="paragraph" id="r9" custom="readingOrder {index:8;} structure {type:paragraph;}">
            <Coords points="1565,2264 2631,2264 2631,2993 1565,2993"/>
            <TextLine id="r9l1" custom="readingOrder {index:0;}">
                <Coords points="1579,2278 1706,2278 1845,2277 2003,2276 2224,2275 2582,2275 2619,2279 2619,2320 2566,2322 1610,2325 1579,2324"/>
                <Baseline points="1585,2319 1647,2318 1667,2318 1740,2318 1759,2318 1943,2317 1963,2317 2073,2316 2083,2316 2205,2316 2224,2316 2383,2315 2402,2315 2468,2315 2484,2314 2619,2313"/>
                <TextEquiv>
                    <Unicode>die wir erſuchen, wird jedem Verſuch der Nazis,</Unicode>
                </TextEquiv>
            </TextLine>
            <TextLine id="r9l2" custom="readingOrder {index:1;}">
                <Coords points="1585,2324 1658,2327 2353,2322 2594,2322 2618,2330 2618,2363 2594,2368 1721,2370 1697,2370 1603,2368 1579,2369"/>
                <Baseline points="1585,2362 1630,2365 1658,2365 1841,2363 1870,2364 1983,2363 2009,2364 2250,2362 2277,2362 2324,2362 2353,2362 2618,2359"/>
                <TextEquiv>
                    <Unicode>in Spanien einen Widerſtand zu organiſieren,</Unicode>
                </TextEquiv>
            </TextLine>
            <TextLine id="r9l3" custom="readingOrder {index:2;}">
                <Coords points="1577,2386 1607,2373 1813,2372 1973,2372 1978,2414 1948,2413 1876,2416 1813,2416 1697,2415 1576,2418"/>
                <Baseline points="1583,2414 1649,2412 1678,2412 1787,2411 1815,2411 1961,2410"/>
                <TextEquiv>
                    <Unicode>ein Ende ſetzen.“</Unicode>
                </TextEquiv>
            </TextLine>
            <TextLine id="r9l4" custom="readingOrder {index:3;}">
                <Coords points="1632,2418 2331,2415 2555,2415 2571,2416 2619,2425 2625,2455 2571,2460 2555,2461 1839,2463 1757,2463 1658,2463 1629,2462"/>
                <Baseline points="1632,2459 1720,2459 1757,2458 1934,2456 1974,2456 2066,2455 2107,2455 2175,2455 2221,2454 2280,2455 2331,2455 2619,2451"/>
                <TextEquiv>
                    <Unicode>Wir erſparen uns, auf die phantaſtiſchen</Unicode>
                </TextEquiv>
            </TextLine>
            <TextLine id="r9l5" custom="readingOrder {index:4;}">
                <Coords points="1578,2476 1639,2467 1905,2465 2358,2463 2564,2463 2620,2472 2626,2504 2568,2505 2296,2508 2191,2510 1998,2511 1941,2511 1575,2510"/>
                <Baseline points="1586,2505 1752,2505 1788,2505 1869,2504 1905,2504 2018,2504 2055,2503 2296,2502 2332,2502 2392,2501 2427,2501 2491,2501 2526,2501 2621,2501"/>
                <TextEquiv>
                    <Unicode>anderen drei Wege einzugehen, die der Ver⸗</Unicode>
                </TextEquiv>
            </TextLine>
            <TextLine id="r9l6" custom="readingOrder {index:5;}">
                <Coords points="1583,2515 1634,2514 1766,2513 2072,2511 2250,2510 2453,2509 2591,2509 2620,2516 2626,2550 2535,2555 1703,2559 1634,2559 1583,2558"/>
                <Baseline points="1593,2553 1703,2552 1748,2552 1854,2551 1896,2551 1969,2550 2010,2550 2206,2549 2250,2549 2411,2547 2453,2547 2620,2547"/>
                <TextEquiv>
                    <Unicode>faſſer ſelbſt mit mehreren Wenn's verſieht.</Unicode>
                </TextEquiv>
            </TextLine>
            <TextLine id="r9l7" custom="readingOrder {index:6;}">
                <Coords points="1586,2562 2177,2558 2542,2556 2588,2556 2619,2567 2627,2602 2594,2600 2394,2601 1812,2605 1680,2605 1583,2606"/>
                <Baseline points="1586,2600 1648,2599 1680,2599 1812,2599 1845,2599 1884,2599 1916,2598 1992,2598 2025,2598 2149,2597 2177,2597 2411,2595 2444,2595 2508,2595 2542,2595 2621,2596"/>
                <TextEquiv>
                    <Unicode>So ſpricht er von einem Durchbruch der So⸗</Unicode>
                </TextEquiv>
            </TextLine>
            <TextLine id="r9l8" custom="readingOrder {index:7;}">
                <Coords points="1583,2614 1629,2609 1698,2608 2019,2606 2489,2604 2517,2604 2592,2609 2621,2616 2630,2647 2592,2645 2517,2647 2145,2650 1789,2654 1629,2654 1577,2650"/>
                <Baseline points="1588,2647 1789,2646 1832,2646 1874,2646 1913,2645 1978,2645 2019,2645 2190,2644 2233,2644 2304,2644 2345,2643 2449,2642 2489,2642 2624,2640"/>
                <TextEquiv>
                    <Unicode>wjetflotte in der Oſtſee mit einer Lan⸗</Unicode>
                </TextEquiv>
            </TextLine>
            <TextLine id="r9l9" custom="readingOrder {index:8;}">
                <Coords points="1584,2655 1807,2652 2369,2651 2573,2651 2620,2659 2626,2690 2573,2695 2289,2698 1726,2700 1705,2700 1577,2696"/>
                <Baseline points="1584,2693 1726,2693 1807,2692 2289,2690 2369,2690 2620,2686"/>
                <TextEquiv>
                    <Unicode>dung bolſchewiſtiſcher Truppen</Unicode>
                </TextEquiv>
            </TextLine>
            <TextLine id="r9l10" custom="readingOrder {index:9;}">
                <Coords points="1580,2711 1618,2707 1669,2701 2517,2696 2626,2696 2626,2740 2006,2745 1814,2746 1580,2746"/>
                <Baseline points="1586,2739 1602,2739 1618,2739 1830,2740 1861,2740 2073,2736 2104,2737 2205,2737 2241,2737 2484,2734 2517,2733 2620,2732"/>
                <TextEquiv>
                    <Unicode>zwiſchen Danzig und Stettin, wäh⸗</Unicode>
                </TextEquiv>
            </TextLine>
            <TextLine id="r9l11" custom="readingOrder {index:10;}">
                <Coords points="1577,2755 1656,2750 1715,2748 2120,2745 2579,2743 2591,2743 2621,2759 2629,2786 2596,2783 2495,2789 1942,2794 1715,2794 1573,2792"/>
                <Baseline points="1584,2786 1677,2787 1715,2787 1942,2785 1976,2785 2041,2785 2073,2785 2357,2782 2394,2782 2622,2778"/>
                <TextEquiv>
                    <Unicode>rend gleichzeitig ein britiſches Expedi⸗</Unicode>
                </TextEquiv>
            </TextLine>
            <TextLine id="r9l12" custom="readingOrder {index:11;}">
                <Coords points="1585,2801 1614,2797 1653,2796 2325,2790 2627,2790 2627,2828 2597,2834 2103,2838 1876,2839 1650,2840 1577,2837"/>
                <Baseline points="1583,2836 1914,2833 1954,2833 2007,2832 2047,2832 2286,2830 2325,2830 2503,2828 2543,2828 2620,2828"/>
                <TextEquiv>
                    <Unicode>tionskorps in Holland einfallen ſoll.</Unicode>
                </TextEquiv>
            </TextLine>
            <TextLine id="r9l13" custom="readingOrder {index:12;}">
                <Coords points="1585,2842 2398,2838 2618,2838 2625,2877 2599,2878 1866,2888 1700,2888 1579,2885"/>
                <Baseline points="1585,2881 1674,2881 1700,2881 1866,2878 1882,2878 2005,2878 2030,2878 2069,2878 2095,2878 2191,2877 2218,2877 2346,2875 2371,2875 2521,2874 2546,2874 2618,2873"/>
                <TextEquiv>
                    <Unicode>Das werden genau ſo leere Worte bleiben wie</Unicode>
                </TextEquiv>
            </TextLine>
            <TextLine id="r9l14" custom="readingOrder {index:13;}">
                <Coords points="1585,2890 2171,2885 2426,2883 2569,2883 2618,2892 2626,2922 2587,2927 2538,2927 1916,2933 1624,2934 1580,2932"/>
                <Baseline points="1585,2926 1646,2928 1684,2928 1822,2927 1861,2926 2105,2924 2143,2924 2390,2921 2426,2921 2500,2920 2538,2919 2618,2919"/>
                <TextEquiv>
                    <Unicode>die andere angedeutete Möglichkeit, daß eine</Unicode>
                </TextEquiv>
            </TextLine>
            <TextLine id="r9l15" custom="readingOrder {index:14;}">
                <Coords points="1583,2946 1659,2936 2394,2930 2590,2925 2620,2939 2625,2969 2586,2976 1682,2983 1583,2983"/>
                <Baseline points="1588,2973 1703,2974 1740,2974 1908,2973 1950,2973 2077,2972 2118,2971 2191,2970 2231,2970 2353,2969 2394,2968 2620,2966"/>
                <TextEquiv>
                    <Unicode>große britiſche Flotte mit einem Expedi⸗</Unicode>
                </TextEquiv>
            </TextLine>
            <TextEquiv>
                <Unicode></Unicode>
            </TextEquiv>
        </TextRegion>
        <TextRegion type="paragraph" id="r10" custom="readingOrder {index:9;} structure {type:paragraph;}">
            <Coords points="2681,2260 3737,2260 3737,2982 2681,2982"/>
            <TextLine id="r10l1" custom="readingOrder {index:0;}">
                <Coords points="2693,2276 2723,2275 3061,2272 3647,2271 3725,2271 3725,2315 3662,2316 3273,2318 2960,2318 2690,2317"/>
                <Baseline points="2693,2312 3020,2311 3061,2311 3115,2311 3154,2310 3424,2311 3464,2311 3606,2311 3647,2311 3725,2308"/>
                <TextEquiv>
                    <Unicode>tionskorps in Finnland landen ſoll,</Unicode>
                </TextEquiv>
            </TextLine>
            <TextLine id="r10l2" custom="readingOrder {index:1;}">
                <Coords points="2695,2332 2721,2324 3273,2320 3520,2320 3723,2327 3729,2359 3636,2364 3433,2364 3013,2363 2764,2365 2693,2363"/>
                <Baseline points="2695,2359 2785,2360 2810,2360 2922,2361 2949,2359 2988,2360 3013,2360 3143,2358 3172,2358 3245,2358 3273,2358 3354,2358 3378,2358 3636,2356 3662,2356 3723,2354"/>
                <TextEquiv>
                    <Unicode>oder wenn er meint, daß eine Landung an</Unicode>
                </TextEquiv>
            </TextLine>
            <TextLine id="r10l3" custom="readingOrder {index:2;}">
                <Coords points="2693,2369 3420,2364 3672,2364 3726,2374 3731,2406 3578,2410 3119,2412 2814,2412 2690,2409"/>
                <Baseline points="2693,2404 2781,2406 2814,2405 3207,2404 3242,2404 3385,2403 3420,2403 3578,2402 3610,2402 3726,2401"/>
                <TextEquiv>
                    <Unicode>der franzöſiſchen Küſte möglich wäre.</Unicode>
                </TextEquiv>
            </TextLine>
            <TextLine id="r10l4" custom="readingOrder {index:3;}">
                <Coords points="2693,2416 2811,2415 2950,2414 3293,2413 3592,2413 3694,2415 3722,2422 3729,2453 3699,2453 3638,2455 3396,2458 2877,2461 2786,2461 2687,2457"/>
                <Baseline points="2693,2454 2752,2453 2786,2453 2877,2452 2910,2452 2983,2453 3016,2452 3081,2452 3111,2452 3261,2451 3293,2451 3396,2451 3428,2451 3498,2451 3529,2451 3722,2448"/>
                <TextEquiv>
                    <Unicode>Es gibt, wie der Führer ſchon vor Monaten</Unicode>
                </TextEquiv>
            </TextLine>
            <TextLine id="r10l5" custom="readingOrder {index:4;}">
                <Coords points="2689,2470 2716,2462 2867,2460 3500,2460 3627,2462 3729,2461 3730,2499 3676,2504 3655,2504 2763,2506 2688,2504"/>
                <Baseline points="2694,2499 2839,2500 2867,2500 2908,2499 2934,2499 3038,2500 3064,2499 3167,2499 3192,2499 3328,2499 3356,2499 3431,2499 3459,2498 3521,2498 3547,2497 3627,2496 3655,2496 3724,2495"/>
                <TextEquiv>
                    <Unicode>einmal in einer Rede erklärt hat, für uns gar</Unicode>
                </TextEquiv>
            </TextLine>
            <TextLine id="r10l6" custom="readingOrder {index:5;}">
                <Coords points="2694,2509 2857,2508 3087,2507 3605,2506 3725,2506 3731,2545 3630,2552 3605,2552 2857,2551 2737,2551 2688,2549"/>
                <Baseline points="2694,2545 2820,2549 2857,2550 3050,2545 3087,2545 3300,2545 3337,2544 3401,2544 3435,2544 3519,2544 3554,2544 3630,2543 3665,2543 3725,2542"/>
                <TextEquiv>
                    <Unicode>keinen ſchöneren Gedanken, als den, daß die</Unicode>
                </TextEquiv>
            </TextLine>
            <TextLine id="r10l7" custom="readingOrder {index:6;}">
                <Coords points="2694,2556 2782,2555 2961,2554 3599,2552 3723,2552 3731,2594 3702,2596 3531,2597 2916,2600 2759,2600 2689,2596"/>
                <Baseline points="2694,2594 2916,2592 2961,2592 3001,2592 3045,2592 3218,2591 3264,2592 3531,2590 3577,2589 3723,2589"/>
                <TextEquiv>
                    <Unicode>Engländer in unſerem Machtbereich einmal</Unicode>
                </TextEquiv>
            </TextLine>
            <TextLine id="r10l8" custom="readingOrder {index:7;}">
                <Coords points="2695,2602 3171,2600 3607,2600 3724,2603 3729,2640 3678,2645 3171,2645 2970,2644 2704,2645 2688,2644"/>
                <Baseline points="2695,2639 2833,2639 2860,2639 3021,2639 3073,2640 3146,2640 3171,2640 3300,2639 3325,2639 3415,2639 3442,2639 3566,2637 3592,2637 3630,2637 3657,2637 3724,2637"/>
                <TextEquiv>
                    <Unicode>landen werden. Sie wiſſen aber genau ſo gut</Unicode>
                </TextEquiv>
            </TextLine>
            <TextLine id="r10l9" custom="readingOrder {index:8;}">
                <Coords points="2694,2657 2733,2649 3025,2648 3558,2647 3684,2647 3722,2655 3731,2688 3680,2688 3140,2692 3116,2692 2688,2689"/>
                <Baseline points="2694,2686 2767,2687 2798,2687 2882,2686 2916,2685 2991,2685 3025,2685 3138,2685 3172,2685 3275,2685 3308,2685 3370,2685 3406,2684 3533,2685 3558,2685 3722,2683"/>
                <TextEquiv>
                    <Unicode>wie wir, daß ihnen dann ein neues Dünkir⸗</Unicode>
                </TextEquiv>
            </TextLine>
            <TextLine id="r10l10" custom="readingOrder {index:9;}">
                <Coords points="2693,2695 3479,2693 3666,2693 3723,2702 3731,2736 3681,2738 3025,2739 2926,2739 2717,2738 2687,2738"/>
                <Baseline points="2693,2732 2775,2732 2810,2732 3025,2731 3084,2732 3156,2731 3194,2732 3317,2731 3348,2732 3584,2731 3619,2731 3723,2729"/>
                <TextEquiv>
                    <Unicode>chen bevorſteht. Die offene Bedrohung Spa⸗</Unicode>
                </TextEquiv>
            </TextLine>
            <TextLine id="r10l11" custom="readingOrder {index:10;}">
                <Coords points="2695,2751 2724,2741 3418,2738 3432,2738 3670,2739 3706,2747 3722,2750 3728,2776 3715,2784 3670,2784 3105,2786 2944,2786 2782,2784 2688,2782"/>
                <Baseline points="2695,2778 2810,2779 2944,2778 3162,2779 3348,2776 3445,2776 3544,2776 3722,2775"/>
                <TextEquiv>
                    <Unicode>niens und Portugals iſt ein ernſt zu nehmen⸗</Unicode>
                </TextEquiv>
            </TextLine>
            <TextLine id="r10l12" custom="readingOrder {index:11;}">
                <Coords points="2690,2788 2927,2788 3136,2787 3619,2786 3669,2786 3722,2795 3727,2825 3669,2830 3347,2831 3136,2831 2786,2832 2736,2830 2691,2827"/>
                <Baseline points="2694,2825 2974,2824 3370,2825 3587,2824 3722,2821"/>
                <TextEquiv>
                    <Unicode>der Gedanke. Der Zynismus, mit dem ſchon</Unicode>
                </TextEquiv>
            </TextLine>
            <TextLine id="r10l13" custom="readingOrder {index:12;}">
                <Coords points="2690,2836 2981,2834 3516,2833 3644,2833 3722,2842 3730,2875 3531,2875 3092,2878 2770,2880 2729,2880 2690,2879"/>
                <Baseline points="2695,2871 2770,2873 2800,2873 2862,2872 2890,2871 3092,2870 3123,2871 3235,2871 3266,2871 3486,2870 3516,2870 3580,2869 3609,2869 3722,2869"/>
                <TextEquiv>
                    <Unicode>jetzt ein engliſches Blatt Vorwände für einen</Unicode>
                </TextEquiv>
            </TextLine>
            <TextLine id="r10l14" custom="readingOrder {index:13;}">
                <Coords points="2689,2882 2750,2881 3522,2878 3723,2878 3727,2920 3685,2920 3556,2924 3063,2924 2974,2924 2750,2925 2689,2922"/>
                <Baseline points="2693,2918 2831,2918 2869,2918 3059,2917 3094,2917 3162,2917 3198,2917 3258,2917 3296,2918 3485,2916 3522,2916 3723,2916"/>
                <TextEquiv>
                    <Unicode>ſolchen Ueberfall auf die Iberiſche Halbinſel</Unicode>
                </TextEquiv>
            </TextLine>
            <TextLine id="r10l15" custom="readingOrder {index:14;}">
                <Coords points="2693,2930 2799,2928 3101,2926 3101,2926 3223,2926 3259,2927 3271,2954 3271,2964 3259,2970 3175,2971 2896,2973 2693,2973"/>
                <Baseline points="2693,2966 2939,2965 2972,2965 3013,2964 3043,2964 3271,2964"/>
                <TextEquiv>
                    <Unicode>herausſtellt, iſt erſtaunlich.</Unicode>
                </TextEquiv>
            </TextLine>
            <TextEquiv>
                <Unicode></Unicode>
            </TextEquiv>
        </TextRegion>
        <TextRegion type="paragraph" id="r11" custom="readingOrder {index:10;} structure {type:paragraph;}">
            <Coords points="1606,4610 3698,4610 3698,4799 1606,4799"/>
            <TextLine id="r11l1" custom="readingOrder {index:0;}">
                <Coords points="2359,4626 2443,4624 2610,4623 2904,4622 2911,4622 2957,4629 2962,4656 2833,4660 2822,4660 2378,4662 2352,4661"/>
                <Baseline points="2359,4654 2418,4654 2443,4654 2524,4653 2546,4653 2586,4652 2610,4652 2948,4649"/>
                <TextEquiv>
                    <Unicode>Der Duce im Führerhauptquartier</Unicode>
                </TextEquiv>
            </TextLine>
            <TextLine id="r11l2" custom="readingOrder {index:1;}">
                <Coords points="1616,4700 3439,4686 3611,4686 3691,4696 3695,4726 3572,4726 2010,4735 2000,4736 1643,4744 1615,4743"/>
                <Baseline points="1618,4733 1682,4732 1707,4732 1801,4731 1809,4731 1862,4730 1886,4730 2008,4729 2035,4729 2087,4728 2114,4728 2207,4727 2234,4727 2286,4725 2311,4725 2499,4723 2523,4723 2809,4721 2833,4720 2886,4720 2907,4719 3108,4718 3136,4717 3365,4717 3393,4716 3565,4716 3590,4716 3689,4718"/>
                <TextEquiv>
                    <Unicode>Von links der Führer, der Duce, der italienische Generalstabschef der Wehrmacht. Armeegeneral Cavallero, Gene-</Unicode>
                </TextEquiv>
            </TextLine>
            <TextLine id="r11l3" custom="readingOrder {index:2;}">
                <Coords points="1614,4764 1655,4758 1897,4752 3482,4738 3691,4740 3693,4783 3671,4784 2764,4789 1828,4792 1615,4794"/>
                <Baseline points="1617,4789 1883,4787 1902,4787 1999,4787 2026,4786 2083,4786 2115,4786 2184,4785 2197,4785 2341,4783 2366,4783 2596,4780 2766,4779 2920,4778 3174,4777 3378,4775 3688,4773"/>
                <TextEquiv>
                    <Unicode>ralfeldmarschal Keitel und der deutsche Militärattaché in Rom, General von Rintelen. (Presse-Hoffmann)</Unicode>
                </TextEquiv>
            </TextLine>
            <TextEquiv>
                <Unicode>Der Duce im Führerhauptquartier
Von links der Führer, der Duce, der italienische Generalstabschef der Wehrmacht. Armeegeneral Cavallero, Gene-
ralfeldmarschal Keitel und der deutsche Militärattaché in Rom, General von Rintelen. (Presse-Hoffmann)</Unicode>
            </TextEquiv>
        </TextRegion>
        <TextRegion type="heading" id="r12" custom="readingOrder {index:11;} structure {type:heading;}">
            <Coords points="451,4845 3742,4849 3742,5117 451,5113"/>
            <TextLine id="r12l1" custom="readingOrder {index:0;}">
                <Coords points="468,4880 1173,4872 3329,4853 3442,4853 3725,4885 3728,4972 3439,4997 2727,5000 2660,5000 464,5006"/>
                <Baseline points="471,4999 835,4992 897,4991 1201,4987 1251,4986 1683,4982 1738,4982 2323,4974 2374,4973 2624,4971 2660,4971 3276,4966 3326,4965 3717,4963"/>
                <TextEquiv>
                    <Unicode>Schon über 100 000 Besucher der Leipziger Messe</Unicode>
                </TextEquiv>
            </TextLine>
            <TextLine id="r12l2" custom="readingOrder {index:1;}">
                <Coords points="782,5060 1642,5048 2898,5032 3249,5032 3401,5044 3405,5088 1796,5108 776,5107"/>
                <Baseline points="780,5103 951,5102 978,5102 1046,5101 1074,5101 1174,5099 1202,5099 1616,5094 1642,5093 1667,5093 1687,5093 1878,5090 1917,5090 2218,5086 2257,5085 2346,5084 2384,5084 2747,5080 2785,5080 3392,5074"/>
                <TextEquiv>
                    <Unicode>Arbeit für den Friedensbedarf / Leipzig Brennpunkt der europäischen Gemeinschaftsleistung</Unicode>
                </TextEquiv>
            </TextLine>
            <TextEquiv>
                <Unicode>Schon über 100 000 Besucher der Leipziger Messe
Arbeit für den Friedensbedarf / Leipzig Brennpunkt der europäischen Gemeinschaftsleistung</Unicode>
            </TextEquiv>
        </TextRegion>
        <TextRegion type="paragraph" id="r13" custom="readingOrder {index:12;} structure {type:paragraph;}">
            <Coords points="455,5151 1523,5151 1523,7117 455,7117"/>
            <TextLine id="r13l1" custom="readingOrder {index:0;}">
                <Coords points="616,5168 1325,5160 1347,5160 1357,5205 1241,5207 1080,5209 665,5216 619,5216"/>
                <Baseline points="626,5206 820,5204 852,5203 1075,5200 1103,5200 1186,5199 1217,5198 1347,5197"/>
                <TextEquiv>
                    <Unicode>(Eigene Meldung des „HB“)</Unicode>
                </TextEquiv>
            </TextLine>
            <TextLine id="r13l2" custom="readingOrder {index:1;}">
                <Coords points="936,5227 1355,5221 1438,5221 1467,5231 1473,5270 1441,5277 1395,5279 1161,5281 1049,5281 935,5281"/>
                <Baseline points="943,5274 1010,5272 1036,5272 1199,5269 1222,5269 1279,5268 1302,5268 1459,5266"/>
                <TextEquiv>
                    <Unicode>hb. Leipzig, 31. Auguſt.</Unicode>
                </TextEquiv>
            </TextLine>
            <TextLine id="r13l3" custom="readingOrder {index:2;}">
                <Coords points="515,5312 556,5310 700,5307 973,5303 1379,5298 1460,5298 1490,5299 1509,5311 1512,5337 1490,5343 1400,5345 1125,5349 883,5352 722,5352 510,5354"/>
                <Baseline points="515,5349 589,5348 612,5348 675,5347 700,5346 883,5344 905,5343 947,5343 973,5342 1125,5339 1150,5339 1335,5337 1359,5336 1505,5332"/>
                <TextEquiv>
                    <Unicode>Die am Sonntag in Leipzig eröffnete Herbſt⸗</Unicode>
                </TextEquiv>
            </TextLine>
            <TextLine id="r13l4" custom="readingOrder {index:3;}">
                <Coords points="468,5359 491,5356 1433,5344 1489,5344 1511,5361 1518,5386 1392,5391 529,5404 468,5400"/>
                <Baseline points="468,5394 715,5392 741,5392 784,5392 809,5391 885,5390 912,5389 999,5388 1025,5388 1096,5387 1125,5387 1339,5384 1366,5383 1510,5378"/>
                <TextEquiv>
                    <Unicode>Reichsmeſſe iſt das Ziel des Andrangs gewal⸗</Unicode>
                </TextEquiv>
            </TextLine>
            <TextLine id="r13l5" custom="readingOrder {index:4;}">
                <Coords points="464,5404 585,5404 708,5401 1223,5394 1492,5391 1506,5391 1512,5432 1487,5436 1437,5438 566,5451 503,5451 463,5446"/>
                <Baseline points="469,5441 566,5441 585,5441 922,5437 941,5437 1065,5434 1085,5434 1163,5433 1183,5432 1282,5431 1305,5431 1387,5430 1404,5430 1506,5428"/>
                <TextEquiv>
                    <Unicode>tiger Beſuchermaſſen. Schon jetzt wird ihre Zahl</Unicode>
                </TextEquiv>
            </TextLine>
            <TextLine id="r13l6" custom="readingOrder {index:5;}">
                <Coords points="466,5458 522,5452 753,5446 1184,5439 1505,5439 1514,5480 1459,5482 932,5491 537,5495 522,5495 461,5490"/>
                <Baseline points="468,5487 537,5487 572,5487 637,5486 652,5486 718,5485 753,5485 930,5483 965,5482 1041,5482 1076,5481 1121,5481 1156,5481 1391,5476 1424,5476 1505,5473"/>
                <TextEquiv>
                    <Unicode>auf 100 000 geſchätzt. Die 22 Meßhäuſer ſind</Unicode>
                </TextEquiv>
            </TextLine>
            <TextLine id="r13l7" custom="readingOrder {index:6;}">
                <Coords points="465,5496 498,5497 979,5490 1452,5485 1506,5485 1518,5523 1491,5525 1107,5534 664,5540 565,5540 463,5538"/>
                <Baseline points="469,5534 664,5532 687,5532 768,5531 794,5531 844,5531 868,5530 934,5529 959,5528 1107,5526 1132,5526 1198,5526 1224,5525 1282,5525 1307,5524 1393,5522 1412,5522 1506,5520"/>
                <TextEquiv>
                    <Unicode>überfüllt, und da der Bedarf der in⸗ und aus⸗</Unicode>
                </TextEquiv>
            </TextLine>
            <TextLine id="r13l8" custom="readingOrder {index:7;}">
                <Coords points="468,5544 743,5539 1446,5529 1508,5529 1514,5571 1315,5577 1263,5579 670,5588 623,5588 463,5585"/>
                <Baseline points="468,5580 932,5576 1081,5574 1292,5570 1508,5565"/>
                <TextEquiv>
                    <Unicode>ländiſchen Meſſegäſte ſehr groß iſt, haben die</Unicode>
                </TextEquiv>
            </TextLine>
            <TextLine id="r13l9" custom="readingOrder {index:8;}">
                <Coords points="462,5601 514,5591 550,5588 1116,5580 1431,5580 1506,5587 1511,5619 1431,5622 1031,5629 744,5632 462,5636"/>
                <Baseline points="469,5627 1094,5620 1294,5617 1506,5613"/>
                <TextEquiv>
                    <Unicode>geſchäftlichen Verhandlungen ſogleich begonnen.</Unicode>
                </TextEquiv>
            </TextLine>
            <TextLine id="r13l10" custom="readingOrder {index:9;}">
                <Coords points="468,5638 911,5631 1248,5624 1403,5624 1510,5628 1510,5665 1155,5671 892,5677 464,5679"/>
                <Baseline points="468,5675 588,5672 623,5672 696,5671 731,5671 857,5670 892,5669 1213,5665 1248,5665 1506,5659"/>
                <TextEquiv>
                    <Unicode>Unter den vielen geſchmackvollen Kollektionen</Unicode>
                </TextEquiv>
            </TextLine>
            <TextLine id="r13l11" custom="readingOrder {index:10;}">
                <Coords points="463,5684 498,5682 702,5679 1011,5675 1433,5671 1456,5671 1507,5679 1513,5709 1126,5720 913,5722 557,5727 463,5726"/>
                <Baseline points="468,5720 557,5719 702,5718 833,5716 1045,5713 1234,5710 1507,5705"/>
                <TextEquiv>
                    <Unicode>ſieht man ſchon ſolche, die für den kommenden</Unicode>
                </TextEquiv>
            </TextLine>
            <TextLine id="r13l12" custom="readingOrder {index:11;}">
                <Coords points="466,5729 543,5726 1402,5717 1506,5717 1511,5757 1360,5763 925,5768 565,5775 466,5775"/>
                <Baseline points="470,5767 800,5763 840,5762 996,5761 1026,5760 1119,5759 1158,5757 1360,5754 1402,5754 1506,5752"/>
                <TextEquiv>
                    <Unicode>Friedensbedarf gedacht ſind, deutlicher Aus⸗</Unicode>
                </TextEquiv>
            </TextLine>
            <TextLine id="r13l13" custom="readingOrder {index:12;}">
                <Coords points="465,5777 545,5776 1028,5768 1325,5764 1419,5764 1486,5765 1508,5769 1516,5804 1489,5804 1419,5808 1191,5812 835,5818 655,5818 491,5817 463,5816"/>
                <Baseline points="468,5812 571,5812 601,5812 730,5810 759,5809 835,5808 868,5808 1002,5807 1033,5806 1248,5803 1278,5803 1366,5801 1396,5800 1507,5798"/>
                <TextEquiv>
                    <Unicode>druck dafür, daß unſere Wirtſchaft auch heute</Unicode>
                </TextEquiv>
            </TextLine>
            <TextLine id="r13l14" custom="readingOrder {index:13;}">
                <Coords points="466,5828 499,5822 1339,5809 1495,5809 1507,5835 1507,5852 1307,5857 970,5862 564,5866 514,5866 464,5861"/>
                <Baseline points="469,5859 564,5858 715,5856 890,5853 1030,5852 1164,5850 1339,5846 1507,5844"/>
                <TextEquiv>
                    <Unicode>nicht ruht und ſich jetzt ſchon darauf einſtellt,</Unicode>
                </TextEquiv>
            </TextLine>
            <TextLine id="r13l15" custom="readingOrder {index:14;}">
                <Coords points="466,5870 567,5865 1360,5856 1489,5856 1510,5867 1511,5894 1489,5897 1396,5902 782,5912 761,5912 567,5912 463,5911"/>
                <Baseline points="468,5904 542,5905 567,5904 736,5902 763,5902 948,5899 975,5899 1180,5897 1204,5897 1272,5895 1297,5894 1505,5890"/>
                <TextEquiv>
                    <Unicode>den ungleich größeren Aufgaben der neugeord⸗</Unicode>
                </TextEquiv>
            </TextLine>
            <TextLine id="r13l16" custom="readingOrder {index:15;}">
                <Coords points="467,5922 519,5916 722,5911 916,5908 1396,5902 1410,5902 1509,5905 1512,5940 1482,5951 762,5959 717,5959 467,5957"/>
                <Baseline points="470,5952 581,5951 614,5951 877,5948 909,5948 1126,5944 1158,5944 1225,5943 1257,5942 1426,5939 1461,5939 1507,5938"/>
                <TextEquiv>
                    <Unicode>neten europäiſchen Wirtſchaft der Zukunft zu</Unicode>
                </TextEquiv>
            </TextLine>
            <TextLine id="r13l17" custom="readingOrder {index:16;}">
                <Coords points="463,5970 497,5961 599,5960 644,5970 665,5976 663,6003 594,6007 492,6011 463,6007"/>
                <Baseline points="471,5996 656,5994"/>
                <TextEquiv>
                    <Unicode>genügen.</Unicode>
                </TextEquiv>
            </TextLine>
            <TextLine id="r13l18" custom="readingOrder {index:17;}">
                <Coords points="511,6030 912,6022 1233,6021 1446,6021 1505,6028 1512,6059 1343,6066 546,6075 511,6074"/>
                <Baseline points="514,6068 576,6067 607,6067 677,6066 711,6066 769,6065 799,6065 878,6064 912,6064 1204,6060 1233,6059 1505,6055"/>
                <TextEquiv>
                    <Unicode>Zu den in⸗ und ausländiſchen Preſſevertre⸗</Unicode>
                </TextEquiv>
            </TextLine>
            <TextLine id="r13l19" custom="readingOrder {index:18;}">
                <Coords points="468,6077 579,6077 1015,6070 1491,6064 1505,6064 1514,6107 1443,6108 1040,6116 701,6121 595,6121 484,6120 465,6119"/>
                <Baseline points="469,6115 554,6116 579,6115 701,6114 727,6114 790,6113 815,6113 1125,6107 1149,6108 1204,6107 1229,6107 1374,6106 1399,6105 1505,6101"/>
                <TextEquiv>
                    <Unicode>tern ſprach am Sonntagabend im kleinen Saal</Unicode>
                </TextEquiv>
            </TextLine>
            <TextLine id="r13l20" custom="readingOrder {index:19;}">
                <Coords points="464,6122 1317,6114 1435,6113 1457,6113 1504,6114 1509,6153 1301,6158 558,6169 537,6169 462,6163"/>
                <Baseline points="470,6161 538,6162 570,6162 886,6158 916,6158 1081,6156 1108,6155 1173,6156 1201,6155 1405,6150 1435,6150 1504,6148"/>
                <TextEquiv>
                    <Unicode>des Gewandhauſes zunächſt der Präſident des</Unicode>
                </TextEquiv>
            </TextLine>
            <TextLine id="r13l21" custom="readingOrder {index:20;}">
                <Coords points="467,6170 541,6169 1350,6160 1439,6159 1510,6163 1514,6198 1444,6203 859,6213 541,6215 465,6213"/>
                <Baseline points="471,6208 857,6204 890,6204 1085,6201 1114,6201 1179,6200 1208,6199 1268,6198 1300,6198 1506,6194"/>
                <TextEquiv>
                    <Unicode>Reichsmeſſeamtes, Fichte, der die Anweſen⸗</Unicode>
                </TextEquiv>
            </TextLine>
            <TextLine id="r13l22" custom="readingOrder {index:21;}">
                <Coords points="467,6216 678,6214 1359,6206 1382,6206 1506,6207 1512,6248 1477,6247 606,6262 497,6261 465,6260"/>
                <Baseline points="471,6256 547,6255 567,6255 615,6255 646,6255 867,6253 897,6252 1091,6249 1119,6248 1185,6247 1215,6246 1274,6246 1304,6245 1382,6244 1413,6243 1506,6242"/>
                <TextEquiv>
                    <Unicode>heit ſo zahlreicher Vertreter der in⸗ und aus⸗</Unicode>
                </TextEquiv>
            </TextLine>
            <TextLine id="r13l23" custom="readingOrder {index:22;}">
                <Coords points="472,6266 541,6264 599,6263 1311,6253 1413,6253 1477,6255 1509,6258 1513,6293 1481,6294 1417,6295 1201,6300 844,6307 682,6308 583,6308 466,6307"/>
                <Baseline points="472,6302 682,6301 715,6301 844,6299 879,6298 943,6298 978,6298 1161,6295 1186,6294 1249,6293 1282,6293 1342,6291 1377,6291 1508,6288"/>
                <TextEquiv>
                    <Unicode>ländiſchen Preſſe als Symbol für die Ver⸗</Unicode>
                </TextEquiv>
            </TextLine>
            <TextLine id="r13l24" custom="readingOrder {index:23;}">
                <Coords points="469,6312 586,6310 766,6308 1371,6299 1417,6299 1508,6300 1514,6342 1414,6342 719,6352 697,6352 506,6355 468,6354"/>
                <Baseline points="470,6350 809,6346 845,6345 935,6344 971,6344 1304,6339 1341,6338 1509,6336"/>
                <TextEquiv>
                    <Unicode>bundenheit der nationalen Wirt⸗</Unicode>
                </TextEquiv>
            </TextLine>
            <TextLine id="r13l25" custom="readingOrder {index:24;}">
                <Coords points="471,6359 743,6355 1178,6349 1266,6348 1309,6348 1502,6348 1512,6385 1463,6388 1175,6394 703,6403 505,6403 471,6402"/>
                <Baseline points="477,6397 703,6395 743,6394 995,6390 1037,6390 1118,6388 1161,6388 1226,6387 1266,6386 1339,6385 1382,6384 1504,6382"/>
                <TextEquiv>
                    <Unicode>ſchaften Europas und für den neuen</Unicode>
                </TextEquiv>
            </TextLine>
            <TextLine id="r13l26" custom="readingOrder {index:25;}">
                <Coords points="472,6407 750,6400 1326,6393 1456,6393 1508,6396 1512,6435 1456,6437 1361,6440 574,6449 548,6449 466,6450"/>
                <Baseline points="472,6445 574,6443 604,6443 668,6442 698,6441 974,6437 999,6437 1114,6435 1140,6435 1215,6433 1245,6434 1505,6429"/>
                <TextEquiv>
                    <Unicode>Geiſt der Gemeinſchaft unter den europäiſchen</Unicode>
                </TextEquiv>
            </TextLine>
            <TextLine id="r13l27" custom="readingOrder {index:26;}">
                <Coords points="470,6452 500,6453 1252,6442 1344,6441 1489,6441 1514,6452 1514,6466 1513,6483 1274,6487 952,6490 760,6493 469,6495"/>
                <Baseline points="474,6492 637,6489 664,6489 947,6485 999,6484 1170,6482 1199,6481 1316,6480 1344,6480 1508,6476"/>
                <TextEquiv>
                    <Unicode>Völkern kennzeichnete. Sodann nahm Staats⸗</Unicode>
                </TextEquiv>
            </TextLine>
            <TextLine id="r13l28" custom="readingOrder {index:27;}">
                <Coords points="472,6500 847,6494 1354,6486 1456,6486 1488,6488 1512,6495 1516,6526 1488,6531 627,6541 469,6544"/>
                <Baseline points="472,6538 627,6536 663,6535 896,6532 932,6532 1195,6527 1228,6527 1317,6527 1354,6527 1506,6522"/>
                <TextEquiv>
                    <Unicode>ſekretär Leopold Gutterer vom Reichs⸗</Unicode>
                </TextEquiv>
            </TextLine>
            <TextLine id="r13l29" custom="readingOrder {index:28;}">
                <Coords points="469,6558 514,6547 555,6546 879,6541 1355,6535 1455,6535 1489,6538 1510,6548 1514,6573 1492,6576 1218,6583 706,6589 574,6589 470,6590"/>
                <Baseline points="472,6585 727,6582 760,6581 825,6580 859,6580 1210,6574 1243,6574 1322,6573 1355,6572 1506,6568"/>
                <TextEquiv>
                    <Unicode>miniſterium für Volksaufklärung und Propa⸗</Unicode>
                </TextEquiv>
            </TextLine>
            <TextLine id="r13l30" custom="readingOrder {index:29;}">
                <Coords points="471,6605 552,6594 622,6592 716,6590 1495,6578 1506,6578 1514,6619 1469,6625 1213,6629 495,6639 471,6639"/>
                <Baseline points="475,6632 600,6630 716,6629 836,6627 984,6625 1259,6621 1433,6617 1506,6615"/>
                <TextEquiv>
                    <Unicode>ganda das Wort. Der Krieg, führte er aus, ſei</Unicode>
                </TextEquiv>
            </TextLine>
            <TextLine id="r13l31" custom="readingOrder {index:30;}">
                <Coords points="468,6647 502,6640 1097,6632 1414,6627 1435,6627 1513,6632 1514,6668 1358,6672 1234,6674 568,6684 517,6684 469,6684"/>
                <Baseline points="474,6678 674,6677 814,6674 952,6672 1073,6670 1315,6665 1506,6661"/>
                <TextEquiv>
                    <Unicode>nicht nur eine Geißel der Menſchheit, ſondern</Unicode>
                </TextEquiv>
            </TextLine>
            <TextLine id="r13l32" custom="readingOrder {index:31;}">
                <Coords points="473,6694 529,6687 743,6681 973,6677 1454,6672 1486,6672 1514,6677 1515,6716 1101,6721 564,6731 529,6731 471,6728"/>
                <Baseline points="477,6724 564,6724 607,6723 689,6722 732,6722 932,6718 973,6717 1223,6713 1266,6712 1388,6710 1454,6709 1511,6709"/>
                <TextEquiv>
                    <Unicode>auch eine gewaltige ſchöpferiſche Kraft. Er</Unicode>
                </TextEquiv>
            </TextLine>
            <TextLine id="r13l33" custom="readingOrder {index:32;}">
                <Coords points="470,6733 522,6734 634,6731 1373,6718 1484,6718 1507,6728 1514,6761 1461,6765 588,6778 567,6778 468,6776"/>
                <Baseline points="475,6771 608,6770 634,6769 694,6769 722,6768 873,6766 898,6766 977,6764 1003,6764 1075,6763 1100,6762 1305,6759 1332,6758 1507,6755"/>
                <TextEquiv>
                    <Unicode>bringe die Löſung und den Ausgleich zwiſchen</Unicode>
                </TextEquiv>
            </TextLine>
            <TextLine id="r13l34" custom="readingOrder {index:33;}">
                <Coords points="470,6781 575,6777 1316,6768 1422,6767 1434,6767 1515,6772 1515,6807 1421,6811 1234,6817 844,6821 575,6823 518,6825 467,6821"/>
                <Baseline points="475,6819 546,6818 575,6818 852,6814 886,6814 1284,6806 1316,6806 1376,6805 1408,6804 1508,6802"/>
                <TextEquiv>
                    <Unicode>den verſchiedenen Kräfteſpannungen, die ſinn⸗</Unicode>
                </TextEquiv>
            </TextLine>
            <TextLine id="r13l35" custom="readingOrder {index:34;}">
                <Coords points="471,6833 525,6827 674,6822 1358,6814 1380,6814 1508,6818 1516,6855 1483,6858 1173,6863 949,6866 562,6871 469,6873"/>
                <Baseline points="475,6867 570,6865 595,6864 1016,6857 1041,6857 1215,6854 1239,6854 1422,6851 1450,6850 1509,6849"/>
                <TextEquiv>
                    <Unicode>volle Auseinanderſetzung zwiſchen einander ge⸗</Unicode>
                </TextEquiv>
            </TextLine>
            <TextLine id="r13l36" custom="readingOrder {index:35;}">
                <Coords points="469,6885 548,6874 577,6873 756,6869 1368,6860 1443,6859 1477,6859 1494,6860 1517,6869 1518,6900 1477,6903 1045,6909 469,6920"/>
                <Baseline points="476,6913 839,6907 853,6906 1243,6900 1272,6900 1352,6898 1368,6898 1514,6892"/>
                <TextEquiv>
                    <Unicode>genüberſtehenden Weltanſchauungen und Macht⸗</Unicode>
                </TextEquiv>
            </TextLine>
            <TextLine id="r13l37" custom="readingOrder {index:36;}">
                <Coords points="476,6932 553,6925 743,6914 1445,6905 1467,6905 1519,6911 1517,6947 1407,6948 1016,6958 476,6966"/>
                <Baseline points="480,6959 662,6956 724,6954 857,6951 897,6952 1014,6950 1053,6950 1188,6948 1228,6948 1295,6946 1335,6945 1407,6944 1445,6943 1510,6941"/>
                <TextEquiv>
                    <Unicode>gruppen. Dieſer Krieg räume auf mit der</Unicode>
                </TextEquiv>
            </TextLine>
            <TextLine id="r13l38" custom="readingOrder {index:37;}">
                <Coords points="470,6974 521,6969 678,6961 1288,6952 1451,6952 1491,6956 1514,6965 1517,6994 1495,6994 1451,6994 1409,6996 1227,7001 827,7005 494,7011 470,7011"/>
                <Baseline points="476,7006 558,7004 587,7004 912,6998 938,6998 1240,6993 1254,6992 1510,6988"/>
                <TextEquiv>
                    <Unicode>rein ausbeuteriſchen liberaliſtiſchen Wirtſchafts⸗</Unicode>
                </TextEquiv>
            </TextLine>
            <TextLine id="r13l39" custom="readingOrder {index:38;}">
                <Coords points="475,7021 525,7014 895,7005 1436,6997 1459,6997 1509,6998 1515,7042 1358,7045 656,7056 636,7056 503,7058 474,7058"/>
                <Baseline points="478,7052 656,7049 682,7048 745,7047 773,7047 1080,7042 1103,7042 1181,7040 1210,7040 1281,7039 1305,7039 1390,7037 1414,7037 1509,7036"/>
                <TextEquiv>
                    <Unicode>ordnung der Vergangenheit und mit dem Bol⸗</Unicode>
                </TextEquiv>
            </TextLine>
            <TextLine id="r13l40" custom="readingOrder {index:39;}">
                <Coords points="475,7062 497,7061 1416,7046 1439,7046 1508,7055 1515,7089 1493,7091 1432,7093 493,7107 475,7107"/>
                <Baseline points="480,7099 735,7095 764,7094 834,7093 862,7093 966,7091 995,7090 1069,7089 1098,7089 1369,7085 1398,7084 1506,7081"/>
                <TextEquiv>
                    <Unicode>ſchewismus, die, beide von unbedingtem Herr⸗</Unicode>
                </TextEquiv>
            </TextLine>
            <TextEquiv>
                <Unicode>(Eigene Meldung des „HB“)
hb. Leipzig, 31. Auguſt.
Die am Sonntag in Leipzig eröffnete Herbſt⸗
Reichsmeſſe iſt das Ziel des Andrangs gewal⸗
tiger Beſuchermaſſen. Schon jetzt wird ihre Zahl
auf 100 000 geſchätzt. Die 22 Meßhäuſer ſind
überfüllt, und da der Bedarf der in⸗ und aus⸗
ländiſchen Meſſegäſte ſehr groß iſt, haben die
geſchäftlichen Verhandlungen ſogleich begonnen.
Unter den vielen geſchmackvollen Kollektionen
ſieht man ſchon ſolche, die für den kommenden
Friedensbedarf gedacht ſind, deutlicher Aus⸗
druck dafür, daß unſere Wirtſchaft auch heute
nicht ruht und ſich jetzt ſchon darauf einſtellt,
den ungleich größeren Aufgaben der neugeord⸗
neten europäiſchen Wirtſchaft der Zukunft zu
genügen.
Zu den in⸗ und ausländiſchen Preſſevertre⸗
tern ſprach am Sonntagabend im kleinen Saal
des Gewandhauſes zunächſt der Präſident des
Reichsmeſſeamtes, Fichte, der die Anweſen⸗
heit ſo zahlreicher Vertreter der in⸗ und aus⸗
ländiſchen Preſſe als Symbol für die Ver⸗
bundenheit der nationalen Wirt⸗
ſchaften Europas und für den neuen
Geiſt der Gemeinſchaft unter den europäiſchen
Völkern kennzeichnete. Sodann nahm Staats⸗
ſekretär Leopold Gutterer vom Reichs⸗
miniſterium für Volksaufklärung und Propa⸗
ganda das Wort. Der Krieg, führte er aus, ſei
nicht nur eine Geißel der Menſchheit, ſondern
auch eine gewaltige ſchöpferiſche Kraft. Er
bringe die Löſung und den Ausgleich zwiſchen
den verſchiedenen Kräfteſpannungen, die ſinn⸗
volle Auseinanderſetzung zwiſchen einander ge⸗
genüberſtehenden Weltanſchauungen und Macht⸗
gruppen. Dieſer Krieg räume auf mit der
rein ausbeuteriſchen liberaliſtiſchen Wirtſchafts⸗
ordnung der Vergangenheit und mit dem Bol⸗
ſchewismus, die, beide von unbedingtem Herr⸗</Unicode>
            </TextEquiv>
        </TextRegion>
        <TextRegion type="paragraph" id="r14" custom="readingOrder {index:13;} structure {type:paragraph;}">
            <Coords points="1567,5136 2629,5136 2629,7101 1567,7101"/>
            <TextLine id="r14l1" custom="readingOrder {index:0;}">
                <Coords points="1576,5155 1623,5154 2064,5147 2399,5143 2615,5143 2621,5189 2571,5189 2248,5196 2064,5196 1576,5200"/>
                <Baseline points="1580,5194 1861,5191 1901,5190 1983,5189 2022,5188 2318,5185 2358,5184 2615,5180"/>
                <TextEquiv>
                    <Unicode>ſchaftsſtreben und ausgeſprochen imperialiſti⸗</Unicode>
                </TextEquiv>
            </TextLine>
            <TextLine id="r14l2" custom="readingOrder {index:1;}">
                <Coords points="1576,5203 2402,5193 2485,5193 2615,5198 2617,5235 2543,5238 1775,5247 1675,5248 1576,5248"/>
                <Baseline points="1580,5242 1675,5241 1701,5241 1926,5237 1947,5237 2144,5235 2171,5234 2230,5234 2257,5233 2380,5232 2402,5232 2501,5230 2528,5230 2613,5229"/>
                <TextEquiv>
                    <Unicode>ſcher Geſinnung getragen, die ganze Welt zum</Unicode>
                </TextEquiv>
            </TextLine>
            <TextLine id="r14l3" custom="readingOrder {index:2;}">
                <Coords points="1581,5250 1949,5243 2464,5239 2554,5239 2613,5249 2620,5281 2314,5286 1950,5289 1576,5293"/>
                <Baseline points="1581,5288 1753,5287 1778,5287 1885,5286 1914,5285 2198,5281 2221,5281 2438,5278 2464,5277 2613,5275"/>
                <TextEquiv>
                    <Unicode>Sklaven ihres Machtwillens umformen wollen.</Unicode>
                </TextEquiv>
            </TextLine>
            <TextLine id="r14l4" custom="readingOrder {index:3;}">
                <Coords points="1575,5296 2363,5287 2550,5285 2572,5285 2613,5294 2620,5325 2516,5332 1697,5341 1575,5341"/>
                <Baseline points="1580,5334 1792,5332 1825,5332 1955,5330 1987,5330 2051,5329 2084,5329 2204,5328 2229,5328 2293,5327 2327,5326 2516,5322 2550,5322 2613,5320"/>
                <TextEquiv>
                    <Unicode>Hiergegen erhebe ſich unter der Führung der</Unicode>
                </TextEquiv>
            </TextLine>
            <TextLine id="r14l5" custom="readingOrder {index:4;}">
                <Coords points="1575,5342 1606,5341 2449,5333 2498,5333 2614,5341 2614,5378 1775,5388 1606,5388 1575,5380"/>
                <Baseline points="1579,5380 1858,5379 1888,5378 2064,5376 2091,5376 2176,5374 2203,5374 2253,5373 2280,5373 2339,5372 2367,5372 2614,5368"/>
                <TextEquiv>
                    <Unicode>Achſenmächte Europa; doch ſei die Bildung</Unicode>
                </TextEquiv>
            </TextLine>
            <TextLine id="r14l6" custom="readingOrder {index:5;}">
                <Coords points="1579,5390 2403,5380 2415,5380 2521,5383 2583,5384 2620,5388 2622,5423 2583,5422 2494,5427 2459,5427 1649,5433 1576,5430"/>
                <Baseline points="1579,5427 1671,5428 1712,5428 1871,5425 1910,5425 2109,5422 2146,5422 2292,5420 2323,5420 2614,5415"/>
                <TextEquiv>
                    <Unicode>des neuen Europa keine Kriegser⸗</Unicode>
                </TextEquiv>
            </TextLine>
            <TextLine id="r14l7" custom="readingOrder {index:6;}">
                <Coords points="1577,5438 1609,5437 2409,5427 2551,5427 2615,5436 2615,5470 2076,5478 2061,5478 1577,5480"/>
                <Baseline points="1579,5475 1858,5472 1895,5471 1983,5470 2003,5470 2268,5466 2293,5466 2612,5462"/>
                <TextEquiv>
                    <Unicode>ſcheinung und keinerlei Notlöſung.</Unicode>
                </TextEquiv>
            </TextLine>
            <TextLine id="r14l8" custom="readingOrder {index:7;}">
                <Coords points="1581,5482 1978,5477 2434,5473 2580,5473 2596,5474 2617,5488 2622,5511 2602,5515 2586,5516 2535,5519 2272,5520 1652,5526 1578,5526"/>
                <Baseline points="1581,5521 1655,5521 1681,5520 1836,5519 1863,5518 1922,5518 1951,5518 2272,5513 2299,5513 2406,5514 2434,5513 2613,5507"/>
                <TextEquiv>
                    <Unicode>Sie bedeute die Verwirklichung eines geſchicht⸗</Unicode>
                </TextEquiv>
            </TextLine>
            <TextLine id="r14l9" custom="readingOrder {index:8;}">
                <Coords points="1575,5531 2411,5519 2541,5519 2592,5521 2620,5529 2621,5562 2551,5564 1686,5576 1671,5576 1614,5574 1577,5573"/>
                <Baseline points="1581,5569 1649,5568 1671,5568 2008,5564 2031,5564 2241,5562 2288,5561 2362,5560 2385,5559 2613,5555"/>
                <TextEquiv>
                    <Unicode>lich zwangsläufigen Prozeſſes. Die Grundſätze</Unicode>
                </TextEquiv>
            </TextLine>
            <TextLine id="r14l10" custom="readingOrder {index:9;}">
                <Coords points="1575,5575 1696,5577 2387,5566 2592,5566 2614,5575 2620,5608 2360,5612 2065,5619 1675,5622 1575,5620"/>
                <Baseline points="1581,5614 1647,5615 1675,5615 2064,5610 2091,5610 2360,5606 2387,5605 2451,5604 2480,5604 2614,5602"/>
                <TextEquiv>
                    <Unicode>der zwiſchenſtaatlichen Neuordnung der Völker</Unicode>
                </TextEquiv>
            </TextLine>
            <TextLine id="r14l11" custom="readingOrder {index:10;}">
                <Coords points="1578,5625 1621,5624 2083,5618 2184,5617 2199,5617 2269,5619 2335,5625 2344,5659 2325,5661 1666,5668 1578,5668"/>
                <Baseline points="1581,5661 1680,5661 1709,5661 1785,5660 1816,5660 2033,5657 2083,5657 2158,5655 2184,5655 2336,5655"/>
                <TextEquiv>
                    <Unicode>ſeien klar erkennbar. Sie lauten:</Unicode>
                </TextEquiv>
            </TextLine>
            <TextLine id="r14l12" custom="readingOrder {index:11;}">
                <Coords points="1628,5711 1651,5682 2313,5672 2380,5672 2572,5670 2614,5679 2623,5712 2519,5717 2186,5719 1969,5722 1628,5726"/>
                <Baseline points="1628,5720 1967,5716 1999,5715 2195,5713 2226,5713 2287,5712 2310,5711 2519,5707 2551,5707 2614,5706"/>
                <TextEquiv>
                    <Unicode>„Großräumliche Ordnung bei Wahrung der</Unicode>
                </TextEquiv>
            </TextLine>
            <TextLine id="r14l13" custom="readingOrder {index:12;}">
                <Coords points="1577,5725 2081,5722 2418,5717 2537,5717 2617,5723 2619,5759 2498,5763 1826,5774 1665,5773 1573,5769"/>
                <Baseline points="1583,5766 1826,5764 1866,5764 2021,5762 2061,5761 2277,5758 2315,5757 2379,5757 2418,5756 2612,5753"/>
                <TextEquiv>
                    <Unicode>berechtigten eigenen Intereſſen der einzelnen</Unicode>
                </TextEquiv>
            </TextLine>
            <TextLine id="r14l14" custom="readingOrder {index:13;}">
                <Coords points="1579,5775 1621,5776 1696,5776 1723,5785 1740,5800 1735,5818 1701,5819 1618,5822 1579,5820"/>
                <Baseline points="1582,5816 1730,5813"/>
                <TextEquiv>
                    <Unicode>Völker.</Unicode>
                </TextEquiv>
            </TextLine>
            <TextLine id="r14l15" custom="readingOrder {index:14;}">
                <Coords points="1624,5834 1652,5833 2541,5818 2577,5818 2622,5828 2621,5864 2224,5869 2185,5871 1652,5877 1623,5876"/>
                <Baseline points="1628,5872 1799,5870 1836,5869 2152,5865 2182,5864 2256,5863 2292,5863 2351,5862 2387,5861 2504,5859 2541,5859 2615,5858"/>
                <TextEquiv>
                    <Unicode>Ehrliche Rückſichtnahme auf die echten Be⸗</Unicode>
                </TextEquiv>
            </TextLine>
            <TextLine id="r14l16" custom="readingOrder {index:15;}">
                <Coords points="1575,5881 1623,5880 2240,5872 2408,5870 2584,5870 2612,5872 2620,5911 2584,5914 1746,5925 1623,5925 1574,5925"/>
                <Baseline points="1580,5919 1765,5918 1787,5918 1851,5917 1874,5916 1936,5915 1958,5915 2385,5908 2408,5908 2612,5904"/>
                <TextEquiv>
                    <Unicode>dürfniſſe der ſich zuſammenfindenden Vertrags⸗</Unicode>
                </TextEquiv>
            </TextLine>
            <TextLine id="r14l17" custom="readingOrder {index:16;}">
                <Coords points="1580,5933 1619,5930 1685,5930 1750,5937 1760,5972 1685,5971 1580,5971"/>
                <Baseline points="1580,5966 1750,5965"/>
                <TextEquiv>
                    <Unicode>partner.</Unicode>
                </TextEquiv>
            </TextLine>
            <TextLine id="r14l18" custom="readingOrder {index:17;}">
                <Coords points="1623,5982 2172,5978 2598,5973 2618,5988 2624,6001 2619,6018 2512,6019 2052,6026 1779,6030 1758,6030 1685,6029 1621,6029"/>
                <Baseline points="1628,6025 1779,6022 1803,6022 1868,6021 1894,6021 2090,6019 2114,6018 2613,6011"/>
                <TextEquiv>
                    <Unicode>Löſung der einzelnen Außenhandelsverpflich-</Unicode>
                </TextEquiv>
            </TextLine>
            <TextLine id="r14l19" custom="readingOrder {index:18;}">
                <Coords points="1577,6031 1974,6027 2233,6024 2495,6020 2517,6020 2621,6027 2621,6063 2471,6067 2322,6069 1678,6076 1657,6076 1577,6074"/>
                <Baseline points="1581,6070 1727,6069 1754,6069 1830,6068 1857,6068 1922,6067 1949,6067 2104,6064 2131,6064 2195,6064 2222,6064 2378,6060 2405,6061 2613,6060"/>
                <TextEquiv>
                    <Unicode>tungen aus der Sphäre der zufällig gegebenen</Unicode>
                </TextEquiv>
            </TextLine>
            <TextLine id="r14l20" custom="readingOrder {index:19;}">
                <Coords points="1581,6081 1610,6078 2067,6071 2523,6068 2570,6068 2615,6079 2622,6110 2546,6112 1741,6123 1610,6123 1578,6121"/>
                <Baseline points="1588,6118 1799,6115 1813,6115 1892,6114 1904,6114 2353,6108 2368,6108 2445,6107 2457,6106 2615,6105"/>
                <TextEquiv>
                    <Unicode>Geſchäfts⸗ und Gewinnmöglichkeiten und Hinein⸗</Unicode>
                </TextEquiv>
            </TextLine>
            <TextLine id="r14l21" custom="readingOrder {index:20;}">
                <Coords points="1579,6127 1632,6126 1979,6122 2440,6117 2503,6117 2622,6122 2623,6159 2566,6160 2367,6165 1707,6169 1579,6169"/>
                <Baseline points="1583,6163 1707,6164 1731,6163 1850,6162 1872,6161 2176,6157 2199,6157 2240,6157 2259,6156 2324,6156 2338,6156 2614,6152"/>
                <TextEquiv>
                    <Unicode>ſtellen dieſer Verbindungen in den tragfährigen</Unicode>
                </TextEquiv>
            </TextLine>
            <TextLine id="r14l22" custom="readingOrder {index:21;}">
                <Coords points="1582,6172 1785,6168 2334,6162 2550,6162 2567,6163 2617,6170 2622,6209 2482,6210 2025,6216 1689,6217 1647,6217 1576,6214"/>
                <Baseline points="1582,6208 1761,6209 1785,6208 2063,6205 2077,6205 2614,6200"/>
                <TextEquiv>
                    <Unicode>Rahmen gegenſeitiger Ergänzungsmöglichkeiten</Unicode>
                </TextEquiv>
            </TextLine>
            <TextLine id="r14l23" custom="readingOrder {index:22;}">
                <Coords points="1576,6226 1637,6219 1702,6219 1959,6216 1958,6260 1633,6267 1578,6261"/>
                <Baseline points="1582,6257 1651,6257 1686,6256 1798,6256 1838,6255 1952,6253"/>
                <TextEquiv>
                    <Unicode>auf lange Sicht.</Unicode>
                </TextEquiv>
            </TextLine>
            <TextLine id="r14l24" custom="readingOrder {index:23;}">
                <Coords points="1626,6277 1929,6272 2468,6268 2522,6268 2574,6269 2615,6279 2623,6309 2386,6314 1716,6322 1626,6322"/>
                <Baseline points="1630,6315 1813,6314 1832,6314 1906,6313 1929,6313 2150,6310 2164,6310 2228,6310 2251,6309 2446,6307 2468,6307 2615,6304"/>
                <TextEquiv>
                    <Unicode>Führung der Wirtſchaft der einzelnen Länder</Unicode>
                </TextEquiv>
            </TextLine>
            <TextLine id="r14l25" custom="readingOrder {index:24;}">
                <Coords points="1579,6330 1642,6327 1735,6322 1861,6319 2455,6314 2569,6314 2617,6323 2624,6355 2569,6358 2476,6361 2159,6364 1861,6364 1657,6366 1582,6365"/>
                <Baseline points="1585,6361 1698,6361 1735,6360 1834,6359 1861,6359 2159,6355 2184,6355 2248,6354 2292,6354 2617,6349"/>
                <TextEquiv>
                    <Unicode>unter dem Geſichtspunkt der großräumlichen</Unicode>
                </TextEquiv>
            </TextLine>
            <TextLine id="r14l26" custom="readingOrder {index:25;}">
                <Coords points="1583,6371 1917,6365 2238,6365 2248,6409 2192,6413 1783,6417 1757,6421 1579,6418"/>
                <Baseline points="1583,6410 1779,6408 1801,6408 1887,6407 1917,6406 2238,6403"/>
                <TextEquiv>
                    <Unicode>Ordnung und Verpflichtung.“</Unicode>
                </TextEquiv>
            </TextLine>
            <TextLine id="r14l27" custom="readingOrder {index:26;}">
                <Coords points="1629,6428 1723,6426 2319,6420 2536,6420 2620,6429 2620,6464 1831,6474 1723,6474 1665,6475 1627,6472"/>
                <Baseline points="1631,6469 1689,6468 1723,6468 1831,6467 1865,6466 2024,6464 2058,6464 2167,6462 2203,6461 2263,6462 2289,6462 2616,6457"/>
                <TextEquiv>
                    <Unicode>Es gelte, Europa durch die Verwirklichung</Unicode>
                </TextEquiv>
            </TextLine>
            <TextLine id="r14l28" custom="readingOrder {index:27;}">
                <Coords points="1584,6477 2215,6470 2587,6467 2615,6476 2622,6507 2583,6511 1703,6520 1625,6523 1579,6518"/>
                <Baseline points="1584,6514 1703,6515 1743,6514 2074,6510 2114,6510 2173,6509 2214,6509 2615,6503"/>
                <TextEquiv>
                    <Unicode>dieſer Grundgedanken die Kriſenerſchütterun⸗</Unicode>
                </TextEquiv>
            </TextLine>
            <TextLine id="r14l29" custom="readingOrder {index:28;}">
                <Coords points="1584,6534 1785,6522 2423,6513 2576,6513 2622,6523 2622,6559 1715,6569 1584,6569"/>
                <Baseline points="1586,6561 1655,6561 1696,6560 1741,6560 1781,6560 1968,6558 2006,6557 2066,6557 2106,6557 2147,6557 2188,6556 2255,6555 2294,6554 2377,6553 2419,6552 2618,6550"/>
                <TextEquiv>
                    <Unicode>gen zu erſparen, die es ſeit dem Weltkrieg</Unicode>
                </TextEquiv>
            </TextLine>
            <TextLine id="r14l30" custom="readingOrder {index:29;}">
                <Coords points="1585,6572 1657,6569 1891,6568 1944,6568 1975,6571 1975,6607 1944,6612 1859,6615 1657,6615 1580,6615"/>
                <Baseline points="1585,6607 1859,6606 1891,6606 1968,6605"/>
                <TextEquiv>
                    <Unicode>durchgemacht hat.</Unicode>
                </TextEquiv>
            </TextLine>
            <TextLine id="r14l31" custom="readingOrder {index:30;}">
                <Coords points="1623,6628 1855,6625 2411,6618 2527,6618 2613,6620 2620,6659 2572,6663 2286,6667 2171,6668 1709,6672 1657,6672 1623,6667"/>
                <Baseline points="1630,6665 1709,6665 1837,6664 2077,6661 2271,6658 2613,6655"/>
                <TextEquiv>
                    <Unicode>Auf die Meſſen der letzten zehn Vorkriegs⸗</Unicode>
                </TextEquiv>
            </TextLine>
            <TextLine id="r14l32" custom="readingOrder {index:31;}">
                <Coords points="1579,6675 2267,6666 2613,6666 2613,6705 2380,6711 1595,6720 1579,6720"/>
                <Baseline points="1584,6710 1689,6711 1716,6710 1934,6708 1959,6708 2084,6707 2109,6707 2173,6706 2200,6705 2501,6702 2527,6701 2613,6700"/>
                <TextEquiv>
                    <Unicode>jahre eingehend, führte der Staatsſekretär aus,</Unicode>
                </TextEquiv>
            </TextLine>
            <TextLine id="r14l33" custom="readingOrder {index:32;}">
                <Coords points="1586,6725 1636,6721 1680,6720 2023,6716 2481,6711 2585,6711 2618,6720 2618,6754 1883,6766 1869,6762 1636,6765 1578,6762"/>
                <Baseline points="1586,6758 1659,6757 1680,6757 1904,6755 1926,6754 2002,6754 2023,6753 2268,6751 2289,6750 2357,6750 2378,6749 2461,6749 2481,6748 2614,6747"/>
                <TextEquiv>
                    <Unicode>daß Engländer und Amerikaner vor dem Kriege</Unicode>
                </TextEquiv>
            </TextLine>
            <TextLine id="r14l34" custom="readingOrder {index:33;}">
                <Coords points="1582,6768 1705,6766 2121,6761 2504,6757 2554,6757 2617,6767 2617,6800 2401,6807 1769,6810 1705,6810 1596,6810 1580,6809"/>
                <Baseline points="1586,6804 1627,6804 1663,6804 1769,6803 1803,6802 1911,6801 1948,6801 2037,6800 2070,6800 2220,6798 2251,6797 2469,6795 2504,6795 2615,6794"/>
                <TextEquiv>
                    <Unicode>in erſter Linie nach Leipzig gekommen ſeien,</Unicode>
                </TextEquiv>
            </TextLine>
            <TextLine id="r14l35" custom="readingOrder {index:34;}">
                <Coords points="1582,6817 1696,6812 1798,6810 2341,6807 2471,6807 2613,6808 2620,6845 2471,6852 2293,6852 1699,6855 1582,6856"/>
                <Baseline points="1587,6850 1652,6850 1696,6849 1755,6849 1798,6848 2105,6846 2150,6846 2471,6842 2535,6841 2613,6840"/>
                <TextEquiv>
                    <Unicode>um die Weltmarktlage kennenzulernen und</Unicode>
                </TextEquiv>
            </TextLine>
            <TextLine id="r14l36" custom="readingOrder {index:35;}">
                <Coords points="1578,6863 1706,6856 2549,6850 2615,6850 2623,6892 2361,6896 1794,6903 1578,6899"/>
                <Baseline points="1586,6896 1962,6893 1991,6892 2035,6892 2088,6892 2225,6890 2249,6890 2323,6889 2347,6889 2393,6889 2417,6888 2504,6888 2526,6887 2615,6887"/>
                <TextEquiv>
                    <Unicode>wettbewerbsfähig zu bleiben, daß ſie aber weit</Unicode>
                </TextEquiv>
            </TextLine>
            <TextLine id="r14l37" custom="readingOrder {index:36;}">
                <Coords points="1581,6907 1669,6901 2195,6899 2354,6898 2617,6894 2617,6940 1889,6948 1690,6948 1581,6946"/>
                <Baseline points="1588,6941 1757,6941 1801,6941 1944,6939 1983,6938 2155,6937 2195,6937 2309,6936 2354,6935 2415,6935 2452,6935 2608,6934"/>
                <TextEquiv>
                    <Unicode>weniger gewillt geweſen ſeien, ihr eigenes</Unicode>
                </TextEquiv>
            </TextLine>
            <TextLine id="r14l38" custom="readingOrder {index:37;}">
                <Coords points="1586,6949 2316,6944 2436,6944 2619,6949 2622,6984 2587,6988 2543,6989 1910,6996 1586,6996"/>
                <Baseline points="1589,6989 1973,6986 2092,6985 2223,6983 2543,6982 2616,6979"/>
                <TextEquiv>
                    <Unicode>Wirtſchaftskönnen der Welt zur Verfügung zu</Unicode>
                </TextEquiv>
            </TextLine>
            <TextLine id="r14l39" custom="readingOrder {index:38;}">
                <Coords points="1586,6999 1630,6997 2361,6991 2468,6991 2615,6993 2622,7031 2395,7036 1788,7042 1753,7042 1586,7042"/>
                <Baseline points="1589,7034 1721,7033 1849,7032 2047,7031 2069,7031 2197,7030 2340,7030 2361,7029 2539,7027 2615,7025"/>
                <TextEquiv>
                    <Unicode>ſtellen. Im Gegenſatz hierzu haben Italien und</Unicode>
                </TextEquiv>
            </TextLine>
            <TextLine id="r14l40" custom="readingOrder {index:39;}">
                <Coords points="1586,7044 1762,7042 2028,7039 2203,7038 2567,7038 2619,7041 2621,7080 2406,7082 2299,7083 1620,7089 1586,7089"/>
                <Baseline points="1591,7080 1724,7079 1762,7079 1823,7078 1860,7078 1994,7077 2028,7077 2131,7076 2166,7075 2311,7075 2345,7075 2427,7075 2462,7075 2510,7075 2546,7075 2615,7073"/>
                <TextEquiv>
                    <Unicode>Japan ſich immer ſchon äußerſt rege an den</Unicode>
                </TextEquiv>
            </TextLine>
            <TextEquiv>
                <Unicode>ſchaftsſtreben und ausgeſprochen imperialiſti⸗
ſcher Geſinnung getragen, die ganze Welt zum
Sklaven ihres Machtwillens umformen wollen.
Hiergegen erhebe ſich unter der Führung der
Achſenmächte Europa; doch ſei die Bildung
des neuen Europa keine Kriegser⸗
ſcheinung und keinerlei Notlöſung.
Sie bedeute die Verwirklichung eines geſchicht⸗
lich zwangsläufigen Prozeſſes. Die Grundſätze
der zwiſchenſtaatlichen Neuordnung der Völker
ſeien klar erkennbar. Sie lauten:
„Großräumliche Ordnung bei Wahrung der
berechtigten eigenen Intereſſen der einzelnen
Völker.
Ehrliche Rückſichtnahme auf die echten Be⸗
dürfniſſe der ſich zuſammenfindenden Vertrags⸗
partner.
Löſung der einzelnen Außenhandelsverpflich-
tungen aus der Sphäre der zufällig gegebenen
Geſchäfts⸗ und Gewinnmöglichkeiten und Hinein⸗
ſtellen dieſer Verbindungen in den tragfährigen
Rahmen gegenſeitiger Ergänzungsmöglichkeiten
auf lange Sicht.
Führung der Wirtſchaft der einzelnen Länder
unter dem Geſichtspunkt der großräumlichen
Ordnung und Verpflichtung.“
Es gelte, Europa durch die Verwirklichung
dieſer Grundgedanken die Kriſenerſchütterun⸗
gen zu erſparen, die es ſeit dem Weltkrieg
durchgemacht hat.
Auf die Meſſen der letzten zehn Vorkriegs⸗
jahre eingehend, führte der Staatsſekretär aus,
daß Engländer und Amerikaner vor dem Kriege
in erſter Linie nach Leipzig gekommen ſeien,
um die Weltmarktlage kennenzulernen und
wettbewerbsfähig zu bleiben, daß ſie aber weit
weniger gewillt geweſen ſeien, ihr eigenes
Wirtſchaftskönnen der Welt zur Verfügung zu
ſtellen. Im Gegenſatz hierzu haben Italien und
Japan ſich immer ſchon äußerſt rege an den</Unicode>
            </TextEquiv>
        </TextRegion>
        <TextRegion type="paragraph" id="r15" custom="readingOrder {index:14;} structure {type:paragraph;}">
            <Coords points="2675,5134 3733,5134 3733,7092 2675,7092"/>
            <TextLine id="r15l1" custom="readingOrder {index:0;}">
                <Coords points="2690,5142 2742,5141 2803,5140 2942,5139 3089,5138 3548,5136 3600,5136 3716,5138 3724,5176 3625,5181 2872,5187 2783,5187 2756,5185 2684,5184"/>
                <Baseline points="2690,5179 2881,5177 2914,5177 3056,5176 3089,5176 3269,5174 3302,5174 3380,5174 3410,5174 3517,5173 3548,5173 3643,5172 3675,5172 3716,5172"/>
                <TextEquiv>
                    <Unicode>Leipziger Meſſen beteiligt, und heute zeigt es</Unicode>
                </TextEquiv>
            </TextLine>
            <TextLine id="r15l2" custom="readingOrder {index:1;}">
                <Coords points="2685,5190 2719,5188 3051,5185 3332,5183 3668,5182 3724,5182 3724,5224 3690,5226 3520,5228 2719,5233 2685,5232"/>
                <Baseline points="2691,5225 2763,5226 2785,5226 2857,5225 2881,5225 2950,5224 2971,5224 3105,5223 3131,5223 3286,5221 3310,5221 3496,5220 3519,5220 3608,5220 3628,5220 3718,5217"/>
                <TextEquiv>
                    <Unicode>ſich, daß alle Völker unſeres Erdteils, aber auch</Unicode>
                </TextEquiv>
            </TextLine>
            <TextLine id="r15l3" custom="readingOrder {index:2;}">
                <Coords points="2684,5231 2932,5231 3002,5232 3691,5228 3721,5237 3721,5270 3691,5271 3526,5274 3004,5277 2931,5277 2776,5277 2681,5275"/>
                <Baseline points="2689,5270 2931,5269 2980,5269 3004,5269 3010,5269 3145,5267 3176,5267 3256,5267 3286,5267 3405,5266 3436,5266 3578,5265 3607,5264 3718,5264"/>
                <TextEquiv>
                    <Unicode>Braſilien, die Türkei und Iran, gewillt ſeien,</Unicode>
                </TextEquiv>
            </TextLine>
            <TextLine id="r15l4" custom="readingOrder {index:3;}">
                <Coords points="2689,5284 2711,5277 2904,5278 3283,5275 3521,5274 3672,5274 3726,5276 3727,5316 3671,5316 3647,5318 2989,5324 2767,5324 2682,5320"/>
                <Baseline points="2689,5316 2746,5316 2767,5315 2989,5314 3008,5314 3260,5312 3283,5312 3352,5311 3374,5311 3437,5312 3459,5311 3718,5310"/>
                <TextEquiv>
                    <Unicode>die perſönliche Verbindung mit der europäiſchen</Unicode>
                </TextEquiv>
            </TextLine>
            <TextLine id="r15l5" custom="readingOrder {index:4;}">
                <Coords points="2684,5326 2708,5323 2808,5324 3209,5322 3583,5321 3671,5321 3717,5329 3722,5359 3671,5365 3114,5369 2805,5370 2793,5370 2684,5365"/>
                <Baseline points="2691,5363 2899,5361 2920,5361 3080,5359 3099,5359 3142,5359 3165,5359 3335,5358 3357,5358 3433,5358 3454,5358 3717,5356"/>
                <TextEquiv>
                    <Unicode>Wirtſchaft aufrecht zu erhalten und auszubauen</Unicode>
                </TextEquiv>
            </TextLine>
            <TextLine id="r15l6" custom="readingOrder {index:5;}">
                <Coords points="2691,5372 3037,5369 3292,5367 3618,5366 3666,5366 3724,5371 3726,5406 3670,5407 3618,5409 2838,5416 2685,5413"/>
                <Baseline points="2691,5409 2799,5408 2838,5408 3208,5405 3248,5405 3580,5403 3618,5403 3721,5402"/>
                <TextEquiv>
                    <Unicode>Das gegenwärtig entſtehende ein⸗</Unicode>
                </TextEquiv>
            </TextLine>
            <TextLine id="r15l7" custom="readingOrder {index:6;}">
                <Coords points="2682,5416 2759,5417 3347,5411 3724,5411 3724,5454 3690,5456 2933,5460 2869,5460 2684,5460"/>
                <Baseline points="2691,5453 2933,5452 2970,5452 3185,5451 3215,5451 3288,5450 3323,5450 3718,5448"/>
                <TextEquiv>
                    <Unicode>heitliche Europa ſei wirtſchaftlich</Unicode>
                </TextEquiv>
            </TextLine>
            <TextLine id="r15l8" custom="readingOrder {index:7;}">
                <Coords points="2686,5463 3433,5458 3674,5458 3718,5463 3727,5499 3674,5500 3635,5502 2767,5506 2686,5506"/>
                <Baseline points="2691,5499 2876,5498 2903,5498 2988,5497 3016,5497 3161,5496 3189,5496 3383,5495 3410,5495 3718,5494"/>
                <TextEquiv>
                    <Unicode>ſtärker als jeder andere wirtſchaft⸗</Unicode>
                </TextEquiv>
            </TextLine>
            <TextLine id="r15l9" custom="readingOrder {index:8;}">
                <Coords points="2690,5511 2720,5509 2953,5507 3169,5506 3640,5504 3680,5504 3720,5513 3727,5544 3574,5546 3336,5549 2801,5552 2746,5552 2685,5552"/>
                <Baseline points="2691,5546 2810,5545 2884,5545 3146,5543 3169,5543 3442,5542 3463,5542 3593,5541 3616,5541 3721,5541"/>
                <TextEquiv>
                    <Unicode>liche Großraum. Raumfremde Kräfte wür⸗</Unicode>
                </TextEquiv>
            </TextLine>
            <TextLine id="r15l10" custom="readingOrder {index:9;}">
                <Coords points="2685,5558 2808,5555 3293,5551 3586,5550 3644,5550 3721,5556 3726,5589 3669,5595 2940,5597 2825,5597 2687,5596"/>
                <Baseline points="2691,5591 2762,5591 2808,5591 2886,5591 2921,5591 3097,5590 3142,5589 3248,5589 3293,5589 3431,5588 3463,5588 3718,5587"/>
                <TextEquiv>
                    <Unicode>den ihm niemals ihren Willen aufzwingen</Unicode>
                </TextEquiv>
            </TextLine>
            <TextLine id="r15l11" custom="readingOrder {index:10;}">
                <Coords points="2686,5601 2901,5599 3023,5598 3462,5597 3716,5597 3725,5639 3646,5641 3023,5641 2685,5642"/>
                <Baseline points="2691,5636 2843,5636 2901,5636 2975,5635 3023,5635 3253,5634 3297,5634 3717,5633"/>
                <TextEquiv>
                    <Unicode>können. Der europäiſche Gemeinſchaftsmarkt</Unicode>
                </TextEquiv>
            </TextLine>
            <TextLine id="r15l12" custom="readingOrder {index:11;}">
                <Coords points="2683,5651 2841,5646 2954,5645 3494,5642 3529,5642 3597,5643 3668,5646 3724,5648 3725,5683 3529,5686 3325,5688 2852,5689 2841,5689 2685,5688"/>
                <Baseline points="2691,5683 2813,5683 2841,5683 2982,5682 3012,5681 3072,5680 3101,5681 3170,5680 3198,5680 3325,5679 3355,5679 3416,5680 3443,5679 3529,5679 3559,5679 3620,5679 3648,5679 3718,5678"/>
                <TextEquiv>
                    <Unicode>werde ſowohl für den Abſatz als auch für den</Unicode>
                </TextEquiv>
            </TextLine>
            <TextLine id="r15l13" custom="readingOrder {index:12;}">
                <Coords points="2684,5692 2945,5690 3422,5688 3630,5688 3691,5689 3719,5698 3726,5729 3609,5733 3370,5734 2819,5738 2749,5738 2682,5735"/>
                <Baseline points="2689,5730 2819,5728 2851,5728 2912,5728 2945,5728 3211,5727 3242,5726 3389,5726 3422,5726 3630,5725 3661,5724 3719,5724"/>
                <TextEquiv>
                    <Unicode>Bezug der überſeeiſchen Länder weſentlich be⸗</Unicode>
                </TextEquiv>
            </TextLine>
            <TextLine id="r15l14" custom="readingOrder {index:13;}">
                <Coords points="2684,5740 2900,5736 3072,5735 3625,5734 3660,5734 3725,5739 3727,5773 3672,5776 3474,5778 2924,5782 2838,5782 2683,5779"/>
                <Baseline points="2690,5773 3003,5774 3033,5773 3111,5772 3144,5771 3205,5773 3238,5773 3309,5773 3342,5773 3500,5771 3530,5771 3594,5771 3625,5771 3720,5770"/>
                <TextEquiv>
                    <Unicode>deutungsvoller ſein als das Europa der Ver⸗</Unicode>
                </TextEquiv>
            </TextLine>
            <TextLine id="r15l15" custom="readingOrder {index:14;}">
                <Coords points="2687,5787 2844,5784 2986,5782 3432,5780 3543,5780 3718,5781 3725,5822 3538,5825 2903,5829 2687,5829"/>
                <Baseline points="2691,5821 2928,5820 2963,5820 3074,5818 3094,5818 3189,5818 3213,5818 3368,5818 3389,5818 3622,5817 3638,5817 3718,5816"/>
                <TextEquiv>
                    <Unicode>gangenheit. „Wer dieſe Gebiete ausſchalten will</Unicode>
                </TextEquiv>
            </TextLine>
            <TextLine id="r15l16" custom="readingOrder {index:15;}">
                <Coords points="2687,5836 2715,5834 2814,5828 3196,5826 3602,5826 3618,5827 3724,5829 3727,5865 3691,5870 3472,5871 2940,5873 2814,5873 2685,5870"/>
                <Baseline points="2691,5866 2778,5866 2814,5866 2987,5865 3024,5864 3122,5864 3155,5864 3472,5863 3507,5863 3638,5862 3673,5862 3719,5862"/>
                <TextEquiv>
                    <Unicode>oder verſucht, ſeine wirtſchaftlichen Kräfte zu</Unicode>
                </TextEquiv>
            </TextLine>
            <TextLine id="r15l17" custom="readingOrder {index:16;}">
                <Coords points="2686,5874 2732,5875 3117,5872 3322,5872 3663,5873 3689,5876 3725,5877 3724,5915 3663,5918 2853,5920 2732,5920 2684,5916"/>
                <Baseline points="2691,5912 2853,5912 2879,5912 3006,5911 3032,5911 3093,5910 3117,5910 3344,5910 3366,5910 3416,5910 3442,5910 3505,5909 3528,5909 3717,5909"/>
                <TextEquiv>
                    <Unicode>lähmen, begeht ein Verbrechen an der geſamten</Unicode>
                </TextEquiv>
            </TextLine>
            <TextLine id="r15l18" custom="readingOrder {index:17;}">
                <Coords points="2686,5919 2969,5919 3027,5922 3040,5942 3041,5960 2969,5965 2686,5965"/>
                <Baseline points="2691,5960 3026,5956"/>
                <TextEquiv>
                    <Unicode>Weltwirtſchaft.“</Unicode>
                </TextEquiv>
            </TextLine>
            <TextLine id="r15l19" custom="readingOrder {index:18;}">
                <Coords points="2737,5968 2858,5966 3478,5964 3671,5964 3727,5968 3726,6006 3514,6008 3216,6010 3008,6011 2858,6011 2732,6010"/>
                <Baseline points="2737,6005 2825,6004 2858,6003 3008,6001 3045,6002 3118,6002 3156,6001 3307,6001 3341,6001 3404,6001 3439,6001 3514,6001 3546,6001 3586,6001 3622,6001 3719,6000"/>
                <TextEquiv>
                    <Unicode>Von Leipzig aus werden ſich wie in allen</Unicode>
                </TextEquiv>
            </TextLine>
            <TextLine id="r15l20" custom="readingOrder {index:19;}">
                <Coords points="2682,6015 2969,6012 3560,6010 3573,6010 3720,6011 3727,6051 2853,6058 2755,6058 2682,6055"/>
                <Baseline points="2687,6050 2949,6047 2969,6047 3285,6047 3308,6048 3401,6047 3421,6047 3621,6048 3641,6047 3720,6046"/>
                <TextEquiv>
                    <Unicode>vergangenen Jahrhunderten neue Gedanken und</Unicode>
                </TextEquiv>
            </TextLine>
            <TextLine id="r15l21" custom="readingOrder {index:20;}">
                <Coords points="2684,6058 2999,6057 3378,6056 3696,6056 3720,6060 3726,6095 3702,6096 3631,6099 3229,6102 2740,6104 2684,6102"/>
                <Baseline points="2692,6096 2818,6095 2847,6095 2886,6095 2911,6095 2974,6095 2999,6095 3229,6093 3256,6093 3331,6093 3357,6093 3507,6093 3533,6093 3623,6094 3648,6094 3720,6091"/>
                <TextEquiv>
                    <Unicode>Ideen in der Herſtellung von Gütern aller Art</Unicode>
                </TextEquiv>
            </TextLine>
            <TextLine id="r15l22" custom="readingOrder {index:21;}">
                <Coords points="2686,6105 2848,6103 3283,6102 3650,6102 3727,6103 3727,6145 3535,6148 3125,6148 2980,6148 2757,6147 2687,6148"/>
                <Baseline points="2695,6142 2732,6142 2761,6142 2819,6142 2848,6142 2946,6142 2977,6141 3242,6139 3283,6140 3355,6140 3382,6140 3574,6140 3604,6140 3721,6138"/>
                <TextEquiv>
                    <Unicode>in die Welt fortpflanzen. Die Leipziger Meſſe</Unicode>
                </TextEquiv>
            </TextLine>
            <TextLine id="r15l23" custom="readingOrder {index:22;}">
                <Coords points="2686,6153 2843,6151 3251,6148 3576,6148 3653,6150 3725,6152 3724,6189 3533,6192 3221,6194 3137,6194 3069,6193 2745,6194 2686,6192"/>
                <Baseline points="2691,6185 2813,6187 2843,6187 2976,6186 3008,6185 3109,6185 3137,6185 3221,6185 3251,6185 3576,6184 3632,6184 3720,6184"/>
                <TextEquiv>
                    <Unicode>werde immer mehr zum Brennpunkt der</Unicode>
                </TextEquiv>
            </TextLine>
            <TextLine id="r15l24" custom="readingOrder {index:23;}">
                <Coords points="2685,6199 2941,6193 2970,6193 3475,6193 3632,6194 3691,6195 3725,6206 3729,6236 3700,6236 3540,6237 3475,6239 2978,6240 2949,6240 2828,6241 2684,6238"/>
                <Baseline points="2689,6233 3060,6232 3180,6232 3721,6232"/>
                <TextEquiv>
                    <Unicode>europäiſchen Gemeinſchaftslei⸗</Unicode>
                </TextEquiv>
            </TextLine>
            <TextLine id="r15l25" custom="readingOrder {index:24;}">
                <Coords points="2688,6243 3059,6241 3454,6240 3655,6240 3679,6241 3703,6243 3724,6255 3727,6282 3712,6284 3679,6284 3655,6285 2831,6289 2713,6289 2688,6286"/>
                <Baseline points="2694,6280 2831,6280 2864,6280 3026,6277 3059,6276 3131,6279 3167,6278 3226,6278 3257,6278 3372,6279 3406,6279 3723,6277"/>
                <TextEquiv>
                    <Unicode>ſtung werden, wie ſich dieſer Gemeinſchafts⸗</Unicode>
                </TextEquiv>
            </TextLine>
            <TextLine id="r15l26" custom="readingOrder {index:25;}">
                <Coords points="2689,6299 2740,6289 2835,6288 2966,6287 3677,6287 3721,6296 3726,6327 3484,6332 3180,6330 2689,6332"/>
                <Baseline points="2695,6326 2779,6325 2821,6325 2922,6324 2966,6324 3061,6324 3083,6324 3122,6323 3163,6323 3287,6324 3327,6324 3533,6324 3575,6324 3615,6324 3656,6324 3721,6323"/>
                <TextEquiv>
                    <Unicode>geiſt ſchon jetzt in ſeinen Anfängen in der</Unicode>
                </TextEquiv>
            </TextLine>
            <TextLine id="r15l27" custom="readingOrder {index:26;}">
                <Coords points="2688,6339 2755,6334 2794,6333 3345,6332 3412,6332 3679,6333 3722,6335 3729,6375 3221,6377 2969,6381 2755,6379 2688,6376"/>
                <Baseline points="2693,6370 2926,6371 2956,6370 3204,6370 3236,6370 3299,6370 3331,6370 3556,6371 3585,6371 3722,6370"/>
                <TextEquiv>
                    <Unicode>wachſenden Beteiligung der nationalen Volks⸗</Unicode>
                </TextEquiv>
            </TextLine>
            <TextLine id="r15l28" custom="readingOrder {index:27;}">
                <Coords points="2685,6387 2725,6380 2799,6380 3053,6379 3517,6379 3630,6380 3678,6381 3725,6382 3725,6423 3704,6422 3683,6423 3517,6424 2875,6425 2782,6426 2684,6420"/>
                <Baseline points="2693,6416 2951,6417 2982,6417 3021,6417 3053,6416 3517,6416 3551,6416 3630,6416 3657,6416 3720,6417"/>
                <TextEquiv>
                    <Unicode>wirtſchaften, in Kollektivausſtellungen und der</Unicode>
                </TextEquiv>
            </TextLine>
            <TextLine id="r15l29" custom="readingOrder {index:28;}">
                <Coords points="2688,6432 2715,6426 3170,6425 3610,6425 3652,6430 3665,6471 3624,6470 3000,6471 2715,6471 2688,6469"/>
                <Baseline points="2692,6464 2927,6463 2956,6463 3055,6463 3083,6463 3145,6463 3170,6463 3350,6462 3377,6462 3652,6464"/>
                <TextEquiv>
                    <Unicode>wachſenden Zahl der Beſucher niederſchlägt.</Unicode>
                </TextEquiv>
            </TextLine>
            <TextLine id="r15l30" custom="readingOrder {index:29;}">
                <Coords points="2733,6510 2761,6485 2976,6483 3102,6482 3318,6482 3724,6483 3724,6526 3440,6528 2759,6529 2733,6528"/>
                <Baseline points="2738,6523 2834,6523 2884,6521 3045,6521 3102,6521 3475,6520 3530,6520 3571,6520 3624,6520 3721,6518"/>
                <TextEquiv>
                    <Unicode>„Die deutſche Reichsregierung,“ in dieſe</Unicode>
                </TextEquiv>
            </TextLine>
            <TextLine id="r15l31" custom="readingOrder {index:30;}">
                <Coords points="2694,6531 3046,6529 3493,6528 3572,6528 3724,6531 3724,6571 3454,6574 2863,6574 2690,6574"/>
                <Baseline points="2694,6569 2824,6569 3019,6565 3116,6566 3454,6566 3594,6567 3722,6565"/>
                <TextEquiv>
                    <Unicode>Worte klingt die bedeutungsvolle Rede aus,</Unicode>
                </TextEquiv>
            </TextLine>
            <TextLine id="r15l32" custom="readingOrder {index:31;}">
                <Coords points="2686,6605 2718,6579 2733,6578 2815,6577 2992,6575 3387,6575 3723,6576 3723,6618 2792,6623 2761,6622 2686,6621"/>
                <Baseline points="2694,6615 2765,6614 2778,6614 2888,6614 2909,6614 2972,6613 2992,6613 3199,6612 3296,6612 3428,6613 3448,6613 3512,6613 3533,6612 3603,6612 3626,6612 3719,6612"/>
                <TextEquiv>
                    <Unicode>„iſt dabei der Meinung, daß beſſer als alle Auf⸗</Unicode>
                </TextEquiv>
            </TextLine>
            <TextLine id="r15l33" custom="readingOrder {index:32;}">
                <Coords points="2690,6623 2941,6621 3290,6620 3434,6620 3660,6621 3675,6622 3719,6630 3725,6662 3371,6666 2910,6667 2717,6667 2688,6663"/>
                <Baseline points="2694,6659 2910,6660 2941,6659 3130,6658 3161,6658 3240,6658 3271,6658 3504,6658 3532,6658 3597,6658 3628,6658 3719,6658"/>
                <TextEquiv>
                    <Unicode>klärungen, Vorträge und Broſchüren der Ein⸗</Unicode>
                </TextEquiv>
            </TextLine>
            <TextLine id="r15l34" custom="readingOrder {index:33;}">
                <Coords points="2691,6668 2737,6670 3050,6667 3205,6666 3352,6666 3720,6667 3729,6706 3548,6711 3050,6711 2732,6711 2691,6710"/>
                <Baseline points="2696,6705 2778,6706 2800,6706 2842,6706 2863,6706 2921,6705 2943,6705 3132,6704 3156,6704 3410,6703 3430,6703 3548,6703 3570,6703 3630,6703 3651,6702 3720,6701"/>
                <TextEquiv>
                    <Unicode>blick in die deutſchen Verhältniſſe wirkt, die mit</Unicode>
                </TextEquiv>
            </TextLine>
            <TextLine id="r15l35" custom="readingOrder {index:34;}">
                <Coords points="2687,6715 3308,6712 3590,6712 3725,6713 3725,6758 3590,6759 2848,6760 2730,6760 2687,6751"/>
                <Baseline points="2693,6751 2848,6752 2878,6752 3013,6751 3046,6752 3277,6750 3308,6750 3615,6749 3647,6749 3721,6750"/>
                <TextEquiv>
                    <Unicode>eigenen Augen gewonnene Ueberzeugung, daß</Unicode>
                </TextEquiv>
            </TextLine>
            <TextLine id="r15l36" custom="readingOrder {index:35;}">
                <Coords points="2689,6761 2803,6761 2962,6759 3676,6759 3719,6769 3727,6800 3579,6804 3066,6805 2803,6805 2688,6802"/>
                <Baseline points="2695,6798 2758,6798 2779,6798 2938,6798 2962,6798 3066,6797 3089,6797 3153,6796 3179,6796 3383,6796 3405,6796 3469,6796 3495,6796 3719,6796"/>
                <TextEquiv>
                    <Unicode>der deutſche Weg, der zugunſten der Allgemein⸗</Unicode>
                </TextEquiv>
            </TextLine>
            <TextLine id="r15l37" custom="readingOrder {index:36;}">
                <Coords points="2690,6808 3157,6804 3344,6804 3683,6806 3727,6808 3727,6849 3460,6849 3384,6849 2860,6851 2690,6850"/>
                <Baseline points="2695,6845 2770,6844 2805,6844 2873,6843 2907,6843 3053,6842 3086,6842 3344,6842 3379,6842 3455,6842 3490,6842 3573,6842 3610,6842 3722,6842"/>
                <TextEquiv>
                    <Unicode>heit auf gewiſſe individuelle, aus dem Beſitz</Unicode>
                </TextEquiv>
            </TextLine>
            <TextLine id="r15l38" custom="readingOrder {index:37;}">
                <Coords points="2689,6852 2837,6851 3029,6850 3462,6850 3672,6851 3695,6852 3724,6861 3724,6896 2861,6897 2689,6897"/>
                <Baseline points="2695,6889 2994,6888 3029,6888 3225,6887 3260,6887 3462,6887 3496,6887 3560,6887 3598,6887 3721,6888"/>
                <TextEquiv>
                    <Unicode>hervorgehende Vorrechte verzichtet, der einzig</Unicode>
                </TextEquiv>
            </TextLine>
            <TextLine id="r15l39" custom="readingOrder {index:38;}">
                <Coords points="2689,6904 2736,6899 2990,6895 3014,6894 3425,6897 3674,6900 3723,6900 3726,6940 3580,6942 3009,6943 2989,6943 2760,6943 2692,6938"/>
                <Baseline points="2696,6935 2812,6935 2891,6935 2984,6934 2989,6934 3072,6934 3099,6934 3146,6934 3172,6934 3268,6934 3290,6934 3628,6934 3652,6934 3720,6935"/>
                <TextEquiv>
                    <Unicode>mögliche Weg iſt, um ohne Erſchütterungen des</Unicode>
                </TextEquiv>
            </TextLine>
            <TextLine id="r15l40" custom="readingOrder {index:39;}">
                <Coords points="2685,6952 2715,6944 3011,6944 3670,6943 3721,6943 3724,6985 3676,6986 3011,6990 2715,6990 2685,6981"/>
                <Baseline points="2695,6981 3011,6981 3033,6981 3112,6980 3134,6980 3353,6980 3376,6980 3523,6980 3546,6980 3606,6980 3627,6980 3718,6980"/>
                <TextEquiv>
                    <Unicode>wirtſchaftlichen und kulturellen Lebens die Völ⸗</Unicode>
                </TextEquiv>
            </TextLine>
            <TextLine id="r15l41" custom="readingOrder {index:40;}">
                <Coords points="2688,6989 3179,6988 3250,6988 3520,6989 3621,6990 3637,6991 3721,6995 3724,7036 3532,7034 2982,7034 2688,7033"/>
                <Baseline points="2696,7026 2749,7027 2772,7027 2836,7027 2859,7027 2958,7026 2982,7026 3026,7025 3051,7026 3153,7026 3179,7026 3337,7026 3361,7026 3718,7026"/>
                <TextEquiv>
                    <Unicode>ker der Erde zu einer beſſeren Lebensgeſtaltung</Unicode>
                </TextEquiv>
            </TextLine>
            <TextLine id="r15l42" custom="readingOrder {index:41;}">
                <Coords points="2691,7047 2763,7036 2828,7036 2932,7037 2943,7058 2943,7080 2828,7081 2712,7082 2691,7082"/>
                <Baseline points="2695,7074 2740,7074 2763,7073 2931,7072"/>
                <TextEquiv>
                    <Unicode>zu führen.“</Unicode>
                </TextEquiv>
            </TextLine>
            <TextEquiv>
                <Unicode>Leipziger Meſſen beteiligt, und heute zeigt es
ſich, daß alle Völker unſeres Erdteils, aber auch
Braſilien, die Türkei und Iran, gewillt ſeien,
die perſönliche Verbindung mit der europäiſchen
Wirtſchaft aufrecht zu erhalten und auszubauen
Das gegenwärtig entſtehende ein⸗
heitliche Europa ſei wirtſchaftlich
ſtärker als jeder andere wirtſchaft⸗
liche Großraum. Raumfremde Kräfte wür⸗
den ihm niemals ihren Willen aufzwingen
können. Der europäiſche Gemeinſchaftsmarkt
werde ſowohl für den Abſatz als auch für den
Bezug der überſeeiſchen Länder weſentlich be⸗
deutungsvoller ſein als das Europa der Ver⸗
gangenheit. „Wer dieſe Gebiete ausſchalten will
oder verſucht, ſeine wirtſchaftlichen Kräfte zu
lähmen, begeht ein Verbrechen an der geſamten
Weltwirtſchaft.“
Von Leipzig aus werden ſich wie in allen
vergangenen Jahrhunderten neue Gedanken und
Ideen in der Herſtellung von Gütern aller Art
in die Welt fortpflanzen. Die Leipziger Meſſe
werde immer mehr zum Brennpunkt der
europäiſchen Gemeinſchaftslei⸗
ſtung werden, wie ſich dieſer Gemeinſchafts⸗
geiſt ſchon jetzt in ſeinen Anfängen in der
wachſenden Beteiligung der nationalen Volks⸗
wirtſchaften, in Kollektivausſtellungen und der
wachſenden Zahl der Beſucher niederſchlägt.
„Die deutſche Reichsregierung,“ in dieſe
Worte klingt die bedeutungsvolle Rede aus,
„iſt dabei der Meinung, daß beſſer als alle Auf⸗
klärungen, Vorträge und Broſchüren der Ein⸗
blick in die deutſchen Verhältniſſe wirkt, die mit
eigenen Augen gewonnene Ueberzeugung, daß
der deutſche Weg, der zugunſten der Allgemein⸗
heit auf gewiſſe individuelle, aus dem Beſitz
hervorgehende Vorrechte verzichtet, der einzig
mögliche Weg iſt, um ohne Erſchütterungen des
wirtſchaftlichen und kulturellen Lebens die Völ⸗
ker der Erde zu einer beſſeren Lebensgeſtaltung
zu führen.“</Unicode>
            </TextEquiv>
        </TextRegion>
        <TextRegion type="paragraph" id="r16" custom="readingOrder {index:15;} structure {type:paragraph;}">
            <Coords points="3777,2256 4857,2256 4857,3392 3777,3392"/>
            <TextLine id="r16l1" custom="readingOrder {index:0;}">
                <Coords points="4009,2271 4053,2266 4276,2265 4534,2267 4592,2267 4615,2272 4625,2333 4602,2335 4124,2336 4009,2337"/>
                <Baseline points="4019,2329 4163,2327 4194,2327 4306,2326 4336,2326 4616,2325"/>
                <TextEquiv>
                    <Unicode>„Wir sind enttäuscht</Unicode>
                </TextEquiv>
            </TextLine>
            <TextLine id="r16l2" custom="readingOrder {index:1;}">
                <Coords points="4020,2351 4063,2347 4522,2343 4540,2343 4615,2346 4616,2414 4240,2421 4216,2421 4018,2416"/>
                <Baseline points="4031,2410 4159,2409 4184,2408 4263,2408 4293,2408 4603,2406"/>
                <TextEquiv>
                    <Unicode>über die USA-Hilfe“</Unicode>
                </TextEquiv>
            </TextLine>
            <TextLine id="r16l3" custom="readingOrder {index:2;}">
                <Coords points="4060,2428 4538,2426 4784,2426 4786,2478 4694,2479 4140,2479 4059,2477"/>
                <Baseline points="4064,2471 4252,2470 4273,2469 4329,2470 4350,2470 4508,2468 4537,2467 4782,2469"/>
                <TextEquiv>
                    <Unicode>Neuyork, 31. Auguſt. (HB⸗Funk.)</Unicode>
                </TextEquiv>
            </TextLine>
            <TextLine id="r16l4" custom="readingOrder {index:3;}">
                <Coords points="3839,2488 3953,2487 4208,2490 4583,2489 4641,2489 4805,2490 4835,2498 4843,2531 4762,2533 4668,2535 4552,2536 4402,2536 3839,2536"/>
                <Baseline points="3842,2532 3924,2530 4101,2530 4208,2531 4402,2528 4583,2527 4835,2526"/>
                <TextEquiv>
                    <Unicode>Wie INS aus London meldet, heißt es in</Unicode>
                </TextEquiv>
            </TextLine>
            <TextLine id="r16l5" custom="readingOrder {index:4;}">
                <Coords points="3791,2547 3818,2539 4130,2537 4732,2537 4786,2539 4839,2541 4842,2578 4708,2585 4624,2585 4130,2584 3789,2581"/>
                <Baseline points="3796,2577 3919,2576 4130,2576 4380,2576 4583,2575 4836,2574"/>
                <TextEquiv>
                    <Unicode>einem an die Vereinigten Staaten gerichteten</Unicode>
                </TextEquiv>
            </TextLine>
            <TextLine id="r16l6" custom="readingOrder {index:5;}">
                <Coords points="3789,2583 4261,2584 4807,2584 4843,2586 4845,2625 4613,2630 4421,2630 3789,2629"/>
                <Baseline points="3795,2625 4011,2624 4069,2624 4134,2624 4175,2624 4378,2623 4421,2623 4613,2622 4656,2622 4836,2621"/>
                <TextEquiv>
                    <Unicode>Leitartikel der Londoner „Sunday Times“:</Unicode>
                </TextEquiv>
            </TextLine>
            <TextLine id="r16l7" custom="readingOrder {index:6;}">
                <Coords points="3784,2646 3819,2633 4408,2631 4807,2631 4843,2632 4843,2668 4807,2676 4238,2680 4151,2680 3784,2679"/>
                <Baseline points="3789,2672 3926,2671 3989,2671 4108,2670 4151,2670 4279,2670 4336,2669 4486,2670 4543,2670 4837,2669"/>
                <TextEquiv>
                    <Unicode>„Wir ſind ganz offen enttäuſcht</Unicode>
                </TextEquiv>
            </TextLine>
            <TextLine id="r16l8" custom="readingOrder {index:7;}">
                <Coords points="3787,2681 3952,2680 4340,2679 4740,2678 4763,2678 4820,2679 4841,2688 4842,2721 4820,2720 4416,2725 4370,2723 3952,2726 3787,2724"/>
                <Baseline points="3793,2717 3922,2717 3952,2717 4042,2717 4068,2717 4291,2717 4340,2717 4553,2719 4578,2718 4664,2717 4691,2717 4718,2717 4740,2717 4763,2717 4785,2716 4837,2713"/>
                <TextEquiv>
                    <Unicode>über das geringe Ausmaß der USA⸗</Unicode>
                </TextEquiv>
            </TextLine>
            <TextLine id="r16l9" custom="readingOrder {index:8;}">
                <Coords points="3789,2724 3871,2723 3994,2724 4194,2724 4674,2723 4685,2737 4682,2769 4319,2773 4259,2773 3788,2773"/>
                <Baseline points="3794,2765 3955,2765 3994,2765 4074,2765 4101,2765 4212,2764 4237,2764 4343,2765 4368,2764 4433,2764 4456,2764 4535,2764 4563,2764 4673,2764"/>
                <TextEquiv>
                    <Unicode>Hilfe. Ihr müßt mehr für uns tun!“</Unicode>
                </TextEquiv>
            </TextLine>
            <TextLine id="r16l10" custom="readingOrder {index:9;}">
                <Coords points="3835,2773 4836,2770 4842,2815 4570,2819 3874,2820 3833,2816"/>
                <Baseline points="3841,2813 3969,2812 4003,2812 4062,2811 4096,2811 4480,2811 4513,2811 4690,2812 4723,2813 4836,2811"/>
                <TextEquiv>
                    <Unicode>Selbſt die nordamerikaniſche Agentur INS</Unicode>
                </TextEquiv>
            </TextLine>
            <TextLine id="r16l11" custom="readingOrder {index:10;}">
                <Coords points="3792,2823 3948,2821 3974,2820 4840,2818 4844,2863 4782,2865 4675,2866 4012,2866 3787,2860"/>
                <Baseline points="3795,2858 3915,2858 3948,2858 4073,2859 4105,2859 4250,2858 4283,2858 4354,2858 4388,2858 4734,2861 4770,2860 4840,2859"/>
                <TextEquiv>
                    <Unicode>nennt dieſen Artikel den unverblümteſten ſeit</Unicode>
                </TextEquiv>
            </TextLine>
            <TextLine id="r16l12" custom="readingOrder {index:11;}">
                <Coords points="3787,2864 4083,2866 4640,2866 4703,2867 4815,2870 4841,2876 4844,2910 4703,2914 3888,2914 3788,2909"/>
                <Baseline points="3793,2905 4139,2905 4183,2906 4254,2906 4302,2905 4360,2905 4394,2905 4561,2905 4594,2905 4722,2905 4755,2904 4835,2903"/>
                <TextEquiv>
                    <Unicode>Kriegsausbruch, den die britiſche Preſſe ver⸗</Unicode>
                </TextEquiv>
            </TextLine>
            <TextLine id="r16l13" custom="readingOrder {index:12;}">
                <Coords points="3788,2912 4081,2913 4103,2913 4686,2916 4844,2919 4842,2961 4023,2960 3945,2960 3788,2958"/>
                <Baseline points="3792,2951 4003,2952 4036,2952 4142,2952 4187,2952 4266,2952 4313,2952 4356,2951 4402,2951 4551,2952 4597,2952 4682,2952 4719,2952 4835,2953"/>
                <TextEquiv>
                    <Unicode>öffentlicht habe, und iſt ſichtlich auch „ganz</Unicode>
                </TextEquiv>
            </TextLine>
            <TextLine id="r16l14" custom="readingOrder {index:13;}">
                <Coords points="3790,2966 3821,2961 4758,2964 4843,2967 4842,3003 4649,3008 3837,3006 3821,3005 3787,3002"/>
                <Baseline points="3793,2999 3898,3000 3933,3000 4137,2999 4150,2999 4171,2999 4218,2999 4301,2999 4335,2999 4413,2999 4448,2999 4489,3000 4524,2999 4704,2999 4733,2999 4837,2999"/>
                <TextEquiv>
                    <Unicode>offen enttäuſcht“. Wir ſind es weniger, denn</Unicode>
                </TextEquiv>
            </TextLine>
            <TextLine id="r16l15" custom="readingOrder {index:14;}">
                <Coords points="3790,3005 4729,3008 4812,3009 4842,3019 4842,3053 4608,3054 4451,3054 3905,3053 3788,3048"/>
                <Baseline points="3793,3046 3954,3045 3982,3045 4084,3045 4114,3045 4156,3045 4184,3045 4257,3045 4286,3045 4422,3045 4451,3045 4641,3046 4669,3046 4836,3045"/>
                <TextEquiv>
                    <Unicode>Europa hatte in den Zeiten britiſcher „Gleich⸗</Unicode>
                </TextEquiv>
            </TextLine>
            <TextLine id="r16l16" custom="readingOrder {index:15;}">
                <Coords points="3789,3064 3837,3054 4417,3054 4684,3055 4781,3056 4841,3064 4843,3097 4455,3102 3849,3100 3789,3100"/>
                <Baseline points="3793,3091 4128,3092 4168,3093 4417,3093 4443,3093 4588,3093 4626,3093 4684,3093 4724,3093 4837,3094"/>
                <TextEquiv>
                    <Unicode>gewichtspolitik“ Gelegenheit genug, die Men⸗</Unicode>
                </TextEquiv>
            </TextLine>
            <TextLine id="r16l17" custom="readingOrder {index:16;}">
                <Coords points="3788,3105 3837,3101 3886,3100 4809,3099 4836,3113 4845,3144 4612,3148 3791,3143"/>
                <Baseline points="3794,3138 3924,3138 3956,3138 4020,3139 4051,3139 4253,3139 4287,3139 4528,3139 4562,3139 4606,3139 4638,3139 4836,3140"/>
                <TextEquiv>
                    <Unicode>talität der Londoner Pfefferſäcke zu ſtudieren.</Unicode>
                </TextEquiv>
            </TextLine>
            <TextLine id="r16l18" custom="readingOrder {index:17;}">
                <Coords points="3790,3145 3987,3147 4541,3148 4770,3149 4818,3151 4842,3156 4845,3189 4818,3196 3791,3190"/>
                <Baseline points="3795,3185 3987,3185 4010,3185 4160,3187 4181,3186 4270,3185 4294,3185 4366,3186 4392,3186 4628,3186 4652,3187 4759,3187 4770,3187 4836,3187"/>
                <TextEquiv>
                    <Unicode>Vielleicht erkennt auch das USA⸗Volk, dem jetzt</Unicode>
                </TextEquiv>
            </TextLine>
            <TextLine id="r16l19" custom="readingOrder {index:18;}">
                <Coords points="3790,3194 4844,3197 4844,3240 4659,3242 4635,3242 3790,3239"/>
                <Baseline points="3794,3229 3898,3232 3927,3231 4067,3232 4098,3232 4193,3232 4225,3232 4396,3233 4427,3233 4506,3233 4541,3233 4835,3234"/>
                <TextEquiv>
                    <Unicode>ſchon immer neue Steuern und Einſchränkun⸗</Unicode>
                </TextEquiv>
            </TextLine>
            <TextLine id="r16l20" custom="readingOrder {index:19;}">
                <Coords points="3790,3250 3893,3241 3910,3240 4004,3240 4286,3241 4581,3243 4789,3245 4841,3253 4841,3287 3845,3287 3827,3287 3790,3286"/>
                <Baseline points="3796,3278 3865,3278 3893,3278 3955,3278 3983,3278 4052,3278 4080,3278 4286,3279 4314,3280 4428,3280 4454,3280 4644,3280 4671,3280 4836,3281"/>
                <TextEquiv>
                    <Unicode>gen für den engliſchen Krieg auferlegt werden,</Unicode>
                </TextEquiv>
            </TextLine>
            <TextLine id="r16l21" custom="readingOrder {index:20;}">
                <Coords points="3796,3287 3968,3287 4192,3288 4576,3290 4709,3291 4809,3292 4844,3292 4845,3333 4709,3336 3995,3333 3961,3333 3789,3327"/>
                <Baseline points="3796,3323 3903,3325 3934,3325 4077,3325 4106,3325 4237,3328 4269,3327 4309,3326 4341,3327 4401,3327 4432,3327 4576,3328 4608,3328 4833,3328"/>
                <TextEquiv>
                    <Unicode>eines Tages, wohin es die Politik Rooſevelts</Unicode>
                </TextEquiv>
            </TextLine>
            <TextLine id="r16l22" custom="readingOrder {index:21;}">
                <Coords points="3786,3341 3852,3335 3939,3334 3950,3334 4415,3335 4491,3338 4504,3380 4440,3382 4310,3382 3901,3381 3785,3378"/>
                <Baseline points="3791,3371 3873,3371 3901,3372 4021,3372 4047,3372 4348,3374 4375,3373 4491,3375"/>
                <TextEquiv>
                    <Unicode>und ſeiner Hintermänner führt.</Unicode>
                </TextEquiv>
            </TextLine>
            <TextEquiv>
                <Unicode>„Wir sind enttäuscht
über die USA-Hilfe“
Neuyork, 31. Auguſt. (HB⸗Funk.)
Wie INS aus London meldet, heißt es in
einem an die Vereinigten Staaten gerichteten
Leitartikel der Londoner „Sunday Times“:
„Wir ſind ganz offen enttäuſcht
über das geringe Ausmaß der USA⸗
Hilfe. Ihr müßt mehr für uns tun!“
Selbſt die nordamerikaniſche Agentur INS
nennt dieſen Artikel den unverblümteſten ſeit
Kriegsausbruch, den die britiſche Preſſe ver⸗
öffentlicht habe, und iſt ſichtlich auch „ganz
offen enttäuſcht“. Wir ſind es weniger, denn
Europa hatte in den Zeiten britiſcher „Gleich⸗
gewichtspolitik“ Gelegenheit genug, die Men⸗
talität der Londoner Pfefferſäcke zu ſtudieren.
Vielleicht erkennt auch das USA⸗Volk, dem jetzt
ſchon immer neue Steuern und Einſchränkun⸗
gen für den engliſchen Krieg auferlegt werden,
eines Tages, wohin es die Politik Rooſevelts
und ſeiner Hintermänner führt.</Unicode>
            </TextEquiv>
        </TextRegion>
        <TextRegion type="paragraph" id="r17" custom="readingOrder {index:16;} structure {type:paragraph;}">
            <Coords points="3777,3428 4857,3428 4857,4572 3777,4572"/>
            <TextLine id="r17l1" custom="readingOrder {index:0;}">
                <Coords points="3988,3437 4172,3440 4582,3442 4612,3440 4639,3445 4649,3506 4622,3507 4275,3513 4028,3513 3985,3502"/>
                <Baseline points="3998,3498 4333,3501 4366,3501 4636,3500"/>
                <TextEquiv>
                    <Unicode>Vorsichtiger Roosevelt</Unicode>
                </TextEquiv>
            </TextLine>
            <TextLine id="r17l2" custom="readingOrder {index:1;}">
                <Coords points="3862,3520 3873,3520 4126,3524 4736,3524 4774,3526 4776,3571 4742,3572 4472,3570 3939,3568 3862,3565"/>
                <Baseline points="3866,3559 4770,3563"/>
                <TextEquiv>
                    <Unicode>(Eigene Drahtmeldung des „HB“)</Unicode>
                </TextEquiv>
            </TextLine>
            <TextLine id="r17l3" custom="readingOrder {index:2;}">
                <Coords points="4337,3579 4441,3577 4686,3581 4769,3583 4792,3589 4795,3631 4764,3632 4662,3632 4419,3629 4337,3628"/>
                <Baseline points="4343,3622 4787,3626"/>
                <TextEquiv>
                    <Unicode>Neuyork, 31. Auguſt.</Unicode>
                </TextEquiv>
            </TextLine>
            <TextLine id="r17l4" custom="readingOrder {index:3;}">
                <Coords points="3836,3634 4791,3646 4833,3654 4839,3679 4830,3685 4791,3687 3836,3685"/>
                <Baseline points="3842,3679 4829,3681"/>
                <TextEquiv>
                    <Unicode>Rooſevelts Radioanſprache anläßlich des Ta⸗</Unicode>
                </TextEquiv>
            </TextLine>
            <TextLine id="r17l5" custom="readingOrder {index:4;}">
                <Coords points="3788,3729 3788,3686 4816,3690 4833,3696 4842,3730 4790,3735"/>
                <Baseline points="3792,3721 4139,3724 4340,3727 4428,3727 4605,3729 4831,3727"/>
                <TextEquiv>
                    <Unicode>ges der Arbeit in den USA war für die nord⸗</Unicode>
                </TextEquiv>
            </TextLine>
            <TextLine id="r17l6" custom="readingOrder {index:5;}">
                <Coords points="3787,3738 3815,3730 4117,3729 4422,3736 4832,3737 4842,3775 4674,3783 4650,3783 4126,3777 3830,3773 3788,3772"/>
                <Baseline points="3793,3766 4416,3771 4579,3773 4832,3772"/>
                <TextEquiv>
                    <Unicode>amerikaniſche Oeffentlichkeit eine große Ent⸗</Unicode>
                </TextEquiv>
            </TextLine>
            <TextLine id="r17l7" custom="readingOrder {index:6;}">
                <Coords points="3790,3777 3811,3776 3865,3775 4022,3780 4838,3783 4839,3826 4100,3823 3976,3823 3882,3821 3865,3820 3790,3817"/>
                <Baseline points="3794,3812 4010,3815 4065,3815 4129,3816 4160,3816 4233,3817 4267,3817 4449,3818 4482,3818 4567,3819 4598,3819 4652,3819 4685,3819 4835,3820"/>
                <TextEquiv>
                    <Unicode>täuſchung. In den Blättern war im voraus</Unicode>
                </TextEquiv>
            </TextLine>
            <TextLine id="r17l8" custom="readingOrder {index:7;}">
                <Coords points="3791,3831 3867,3824 3969,3824 4173,3825 4458,3827 4695,3829 4772,3830 4821,3834 4844,3843 4845,3869 4824,3872 4695,3873 4551,3873 4073,3869 3867,3867 3791,3865"/>
                <Baseline points="3794,3860 3910,3861 3933,3861 4200,3862 4223,3862 4287,3863 4311,3863 4408,3864 4423,3864 4527,3864 4551,3864 4713,3865 4735,3865 4834,3865"/>
                <TextEquiv>
                    <Unicode>große Propaganda für dieſe Rede gemacht wor⸗</Unicode>
                </TextEquiv>
            </TextLine>
            <TextLine id="r17l9" custom="readingOrder {index:8;}">
                <Coords points="3794,3870 3952,3870 4210,3871 4721,3875 4835,3877 4844,3916 4727,3918 4540,3920 4307,3918 3956,3913 3789,3910"/>
                <Baseline points="3794,3905 3877,3906 3906,3906 4006,3907 4032,3907 4134,3908 4159,3908 4255,3909 4280,3909 4459,3910 4486,3910 4721,3912 4747,3912 4835,3914"/>
                <TextEquiv>
                    <Unicode>den. Man hatte alles mögliche angedeutet, was</Unicode>
                </TextEquiv>
            </TextLine>
            <TextLine id="r17l10" custom="readingOrder {index:9;}">
                <Coords points="3789,3915 4022,3917 4304,3919 4441,3920 4712,3922 4783,3923 4839,3928 4841,3965 4712,3967 4697,3967 3885,3961 3789,3959"/>
                <Baseline points="3795,3953 3859,3953 3885,3953 4089,3954 4113,3955 4304,3956 4331,3956 4441,3957 4469,3957 4614,3960 4642,3960 4833,3960"/>
                <TextEquiv>
                    <Unicode>der Präſident angeblich ſagen würde. Offenbar</Unicode>
                </TextEquiv>
            </TextLine>
            <TextLine id="r17l11" custom="readingOrder {index:10;}">
                <Coords points="3786,3974 3822,3963 3854,3963 4057,3964 4241,3965 4397,3966 4627,3968 4803,3970 4835,3974 4841,4012 4803,4014 4724,4014 4089,4009 3910,4007 3788,4002"/>
                <Baseline points="3794,3999 3885,4000 3910,4000 3974,4001 3996,4001 4057,4001 4079,4001 4241,4003 4266,4004 4451,4005 4473,4006 4541,4006 4563,4006 4662,4007 4685,4008 4831,4006"/>
                <TextEquiv>
                    <Unicode>aber hat die ſchlechte Reaktion auf ſeine Ozean⸗</Unicode>
                </TextEquiv>
            </TextLine>
            <TextLine id="r17l12" custom="readingOrder {index:11;}">
                <Coords points="3791,4009 4035,4009 4805,4017 4833,4024 4843,4058 4805,4061 4740,4061 4470,4060 4145,4057 3791,4052"/>
                <Baseline points="3794,4045 4088,4049 4119,4049 4321,4051 4347,4051 4417,4052 4446,4052 4610,4054 4641,4053 4833,4053"/>
                <TextEquiv>
                    <Unicode>Proklamation Rooſevelt zur Vorſicht bewogen.</Unicode>
                </TextEquiv>
            </TextLine>
            <TextLine id="r17l13" custom="readingOrder {index:12;}">
                <Coords points="3790,4055 3828,4056 4211,4057 4631,4061 4841,4068 4841,4108 4810,4108 4656,4107 3901,4101 3788,4097"/>
                <Baseline points="3795,4093 3850,4092 3886,4092 3928,4094 3962,4095 4035,4096 4068,4095 4211,4096 4248,4097 4359,4097 4395,4097 4463,4097 4500,4097 4560,4098 4595,4099 4834,4099"/>
                <TextEquiv>
                    <Unicode>Er iſt mit keinem Wort auf die Begegnung</Unicode>
                </TextEquiv>
            </TextLine>
            <TextLine id="r17l14" custom="readingOrder {index:13;}">
                <Coords points="3789,4101 3880,4101 4733,4109 4838,4112 4842,4150 4687,4153 4459,4153 3858,4146 3789,4145"/>
                <Baseline points="3794,4138 3945,4139 4100,4142 4427,4143 4833,4145"/>
                <TextEquiv>
                    <Unicode>Führer — Duce und die dazu bekanntgegebenen</Unicode>
                </TextEquiv>
            </TextLine>
            <TextLine id="r17l15" custom="readingOrder {index:14;}">
                <Coords points="3790,4148 3930,4148 4833,4155 4840,4197 4733,4200 4005,4195 3790,4192"/>
                <Baseline points="3794,4183 4084,4188 4308,4190 4333,4190 4605,4193 4833,4193"/>
                <TextEquiv>
                    <Unicode>Friedensziele der Achſe eingegangen. Rooſevelt</Unicode>
                </TextEquiv>
            </TextLine>
            <TextLine id="r17l16" custom="readingOrder {index:15;}">
                <Coords points="3790,4202 3834,4195 3950,4195 4170,4196 4835,4203 4841,4245 4787,4247 4507,4244 3956,4240 3887,4240 3791,4238"/>
                <Baseline points="3795,4231 3950,4233 3988,4233 4170,4234 4208,4235 4267,4236 4303,4236 4507,4238 4543,4238 4603,4239 4637,4239 4696,4240 4732,4240 4833,4239"/>
                <TextEquiv>
                    <Unicode>erklärte lediglich, die Gefahren, die die Welt</Unicode>
                </TextEquiv>
            </TextLine>
            <TextLine id="r17l17" custom="readingOrder {index:16;}">
                <Coords points="3792,4246 3834,4241 4005,4241 4252,4243 4688,4247 4841,4251 4840,4293 4245,4288 4211,4288 3834,4285 3790,4284"/>
                <Baseline points="3796,4278 4005,4280 4175,4281 4331,4283 4563,4285 4833,4286"/>
                <TextEquiv>
                    <Unicode>erſchüttert hätten, ſeien noch nicht vorüber und</Unicode>
                </TextEquiv>
            </TextLine>
            <TextLine id="r17l18" custom="readingOrder {index:17;}">
                <Coords points="3792,4296 3817,4291 3874,4288 3888,4288 4041,4289 4296,4291 4515,4293 4780,4294 4838,4299 4840,4337 4779,4340 3820,4332 3792,4333"/>
                <Baseline points="3796,4326 3958,4327 4143,4330 4344,4330 4535,4331 4660,4332 4832,4333"/>
                <TextEquiv>
                    <Unicode>es ſei ſehr gut möglich, daß ſie noch ernſter</Unicode>
                </TextEquiv>
            </TextLine>
            <TextLine id="r17l19" custom="readingOrder {index:18;}">
                <Coords points="3787,4333 3816,4335 3873,4335 4110,4337 4781,4343 4838,4349 4844,4383 4686,4386 4664,4386 3909,4383 3816,4380 3787,4378"/>
                <Baseline points="3796,4371 3886,4372 3909,4373 3972,4374 3993,4374 4041,4375 4064,4375 4171,4375 4191,4375 4337,4377 4362,4377 4441,4377 4463,4378 4527,4379 4551,4379 4581,4380 4603,4380 4832,4380"/>
                <TextEquiv>
                    <Unicode>ſind, als ſie Ende Auguſt und am 1. September</Unicode>
                </TextEquiv>
            </TextLine>
            <TextLine id="r17l20" custom="readingOrder {index:19;}">
                <Coords points="3791,4382 3861,4382 4401,4384 4805,4388 4833,4395 4842,4432 4806,4432 3842,4424 3821,4424 3788,4420"/>
                <Baseline points="3796,4417 3885,4418 3907,4419 4051,4421 4078,4422 4152,4423 4177,4422 4340,4424 4367,4424 4512,4424 4537,4424 4575,4426 4602,4426 4652,4426 4675,4426 4735,4426 4758,4426 4834,4427"/>
                <TextEquiv>
                    <Unicode>1939 waren. Im übrigen richtete er an die Be⸗</Unicode>
                </TextEquiv>
            </TextLine>
            <TextLine id="r17l21" custom="readingOrder {index:20;}">
                <Coords points="3786,4429 3847,4428 3895,4428 4137,4431 4582,4432 4766,4435 4839,4440 4842,4476 4684,4479 4532,4479 3978,4474 3821,4469 3788,4467"/>
                <Baseline points="3794,4462 3999,4467 4025,4467 4135,4467 4163,4468 4385,4469 4415,4470 4480,4471 4507,4471 4716,4473 4744,4472 4833,4473"/>
                <TextEquiv>
                    <Unicode>völkerung einen Appell, im Dienſte der</Unicode>
                </TextEquiv>
            </TextLine>
            <TextLine id="r17l22" custom="readingOrder {index:21;}">
                <Coords points="3790,4472 3870,4474 4206,4477 4663,4482 4726,4484 4838,4487 4840,4526 4791,4526 3953,4524 3929,4524 3791,4517"/>
                <Baseline points="3795,4511 4834,4521"/>
                <TextEquiv>
                    <Unicode>Rüſtungsproduktion vermehrt zu</Unicode>
                </TextEquiv>
            </TextLine>
            <TextLine id="r17l23" custom="readingOrder {index:22;}">
                <Coords points="3788,4529 3865,4522 3885,4522 3974,4525 4057,4532 4069,4545 4069,4564 3831,4564 3787,4561"/>
                <Baseline points="3794,4557 4059,4559"/>
                <TextEquiv>
                    <Unicode>arbeiten.</Unicode>
                </TextEquiv>
            </TextLine>
            <TextEquiv>
                <Unicode>Vorsichtiger Roosevelt
(Eigene Drahtmeldung des „HB“)
Neuyork, 31. Auguſt.
Rooſevelts Radioanſprache anläßlich des Ta⸗
ges der Arbeit in den USA war für die nord⸗
amerikaniſche Oeffentlichkeit eine große Ent⸗
täuſchung. In den Blättern war im voraus
große Propaganda für dieſe Rede gemacht wor⸗
den. Man hatte alles mögliche angedeutet, was
der Präſident angeblich ſagen würde. Offenbar
aber hat die ſchlechte Reaktion auf ſeine Ozean⸗
Proklamation Rooſevelt zur Vorſicht bewogen.
Er iſt mit keinem Wort auf die Begegnung
Führer — Duce und die dazu bekanntgegebenen
Friedensziele der Achſe eingegangen. Rooſevelt
erklärte lediglich, die Gefahren, die die Welt
erſchüttert hätten, ſeien noch nicht vorüber und
es ſei ſehr gut möglich, daß ſie noch ernſter
ſind, als ſie Ende Auguſt und am 1. September
1939 waren. Im übrigen richtete er an die Be⸗
völkerung einen Appell, im Dienſte der
Rüſtungsproduktion vermehrt zu
arbeiten.</Unicode>
            </TextEquiv>
        </TextRegion>
        <TextRegion type="paragraph" id="r18" custom="readingOrder {index:17;} structure {type:paragraph;}">
            <Coords points="3780,4606 4860,4606 4857,6541 3777,6541"/>
            <TextLine id="r18l1" custom="readingOrder {index:0;}">
                <Coords points="3950,4609 3995,4609 4675,4610 4688,4678 4667,4679 4042,4678 4012,4678 3946,4673"/>
                <Baseline points="3958,4666 4125,4667 4157,4667 4325,4668 4357,4669 4481,4669 4510,4669 4675,4669"/>
                <TextEquiv>
                    <Unicode>Satan weicht nicht zurück</Unicode>
                </TextEquiv>
            </TextLine>
            <TextLine id="r18l2" custom="readingOrder {index:1;}">
                <Coords points="3857,4686 3902,4686 4687,4694 4773,4696 4773,4739 4386,4739 4363,4739 3857,4734"/>
                <Baseline points="3863,4727 4058,4728 4095,4728 4483,4729 4519,4729 4600,4729 4638,4729 4766,4731"/>
                <TextEquiv>
                    <Unicode>(Eigene Drahtmeldung des „HB“)</Unicode>
                </TextEquiv>
            </TextLine>
            <TextLine id="r18l3" custom="readingOrder {index:2;}">
                <Coords points="4400,4747 4479,4745 4519,4750 4795,4753 4795,4796 4730,4798 4694,4798 4401,4797"/>
                <Baseline points="4403,4790 4787,4790"/>
                <TextEquiv>
                    <Unicode>Tokio. 31. Auguſt</Unicode>
                </TextEquiv>
            </TextLine>
            <TextLine id="r18l4" custom="readingOrder {index:3;}">
                <Coords points="3844,4833 3873,4806 4285,4806 4433,4807 4757,4810 4837,4813 4843,4852 4562,4855 4513,4855 4046,4854 3844,4851"/>
                <Baseline points="3848,4846 4006,4845 4046,4845 4285,4847 4325,4846 4433,4848 4474,4848 4562,4848 4603,4848 4680,4848 4722,4848 4833,4847"/>
                <TextEquiv>
                    <Unicode>„Satan beabſichtigt nicht, auch nur einen</Unicode>
                </TextEquiv>
            </TextLine>
            <TextLine id="r18l5" custom="readingOrder {index:4;}">
                <Coords points="3792,4852 3943,4852 4809,4858 4839,4867 4840,4903 4709,4905 3822,4897 3789,4896"/>
                <Baseline points="3796,4892 3943,4891 3972,4892 4049,4893 4080,4892 4209,4893 4242,4894 4375,4894 4405,4894 4679,4895 4709,4895 4833,4896"/>
                <TextEquiv>
                    <Unicode>Schritt von ſeinen bisher unverrückbar feſtge⸗</Unicode>
                </TextEquiv>
            </TextLine>
            <TextLine id="r18l6" custom="readingOrder {index:5;}">
                <Coords points="3789,4899 3906,4899 4735,4904 4841,4914 4841,4949 4666,4950 3942,4947 3835,4945 3790,4943"/>
                <Baseline points="3796,4937 3922,4939 3942,4940 4078,4939 4098,4939 4392,4941 4413,4941 4565,4941 4585,4942 4645,4942 4666,4942 4833,4942"/>
                <TextEquiv>
                    <Unicode>legten Zielen abzuweichen,“ ſchreibt die Zeitung</Unicode>
                </TextEquiv>
            </TextLine>
            <TextLine id="r18l7" custom="readingOrder {index:6;}">
                <Coords points="3793,4973 3822,4947 3922,4947 4634,4950 4697,4951 4840,4956 4842,4993 4805,4997 4787,4997 4609,4996 3900,4992 3793,4990"/>
                <Baseline points="3797,4985 3940,4985 3968,4985 4205,4987 4436,4988 4760,4989 4834,4989"/>
                <TextEquiv>
                    <Unicode>„Aſahi Schimbun“ in einer Stellungnahme zu</Unicode>
                </TextEquiv>
            </TextLine>
            <TextLine id="r18l8" custom="readingOrder {index:7;}">
                <Coords points="3790,4995 4053,4993 4158,4993 4719,4998 4839,4997 4841,5040 4719,5043 4545,5043 4031,5040 3846,5036 3791,5035"/>
                <Baseline points="3797,5029 3862,5032 3892,5032 4158,5033 4189,5033 4420,5034 4451,5035 4516,5036 4545,5037 4736,5037 4765,5036 4834,5035"/>
                <TextEquiv>
                    <Unicode>der tendenziöſen Auslegung der Botſchaft des</Unicode>
                </TextEquiv>
            </TextLine>
            <TextLine id="r18l9" custom="readingOrder {index:8;}">
                <Coords points="3792,5040 4033,5040 4513,5042 4603,5045 4837,5048 4845,5088 4707,5089 4684,5089 4090,5087 3935,5086 3792,5084"/>
                <Baseline points="3797,5077 4033,5079 4090,5079 4513,5082 4572,5083 4728,5083 4784,5083 4837,5083"/>
                <TextEquiv>
                    <Unicode>japaniſchen Miniſterpräſidenten Konoye an</Unicode>
                </TextEquiv>
            </TextLine>
            <TextLine id="r18l10" custom="readingOrder {index:9;}">
                <Coords points="3791,5086 4842,5090 4839,5139 3791,5131"/>
                <Baseline points="3796,5123 4012,5125 4047,5126 4121,5126 4155,5126 4196,5126 4230,5126 4642,5129 4675,5129 4809,5128 4833,5129 4835,5129"/>
                <TextEquiv>
                    <Unicode>Rooſevelt, wie in nordamerikaniſchen Zeitun⸗</Unicode>
                </TextEquiv>
            </TextLine>
            <TextLine id="r18l11" custom="readingOrder {index:10;}">
                <Coords points="3791,5139 3973,5135 4350,5135 4631,5137 4807,5139 4834,5147 4842,5181 4677,5184 4659,5184 4450,5183 3898,5179 3793,5178"/>
                <Baseline points="3799,5171 3973,5171 4106,5172 4248,5174 4406,5175 4631,5175 4834,5176"/>
                <TextEquiv>
                    <Unicode>gen zu finden ſei. Es iſt überflüſſig zu beto⸗</Unicode>
                </TextEquiv>
            </TextLine>
            <TextLine id="r18l12" custom="readingOrder {index:11;}">
                <Coords points="3794,5185 3925,5182 4306,5182 4710,5185 4820,5186 4843,5188 4846,5226 4710,5230 4038,5230 3876,5225 3793,5221"/>
                <Baseline points="3798,5216 3885,5218 3925,5218 4001,5219 4038,5219 4105,5219 4144,5219 4230,5221 4268,5221 4491,5221 4530,5221 4836,5222"/>
                <TextEquiv>
                    <Unicode>nen, daß der dem Dreierpakt innewohnende</Unicode>
                </TextEquiv>
            </TextLine>
            <TextLine id="r18l13" custom="readingOrder {index:12;}">
                <Coords points="3800,5227 3905,5227 4149,5228 4751,5231 4795,5232 4838,5238 4842,5277 4777,5277 4699,5277 4124,5274 3877,5271 3796,5270"/>
                <Baseline points="3800,5265 3905,5265 3944,5265 4006,5266 4045,5266 4275,5268 4314,5268 4381,5268 4422,5267 4658,5270 4699,5270 4835,5270"/>
                <TextEquiv>
                    <Unicode>Geiſt die Grundlage der japaniſchen Diplo⸗</Unicode>
                </TextEquiv>
            </TextLine>
            <TextLine id="r18l14" custom="readingOrder {index:13;}">
                <Coords points="3794,5280 3882,5274 3985,5274 4028,5276 4061,5283 4073,5318 3943,5316 3795,5315"/>
                <Baseline points="3799,5311 3917,5311 3947,5311 4061,5312"/>
                <TextEquiv>
                    <Unicode>matie bilde.</Unicode>
                </TextEquiv>
            </TextLine>
            <TextLine id="r18l15" custom="readingOrder {index:14;}">
                <Coords points="3845,5320 3881,5320 4223,5321 4512,5323 4628,5324 4845,5322 4845,5366 4677,5370 4226,5368 4031,5366 3837,5363"/>
                <Baseline points="3845,5358 3919,5359 3959,5359 4223,5360 4263,5360 4450,5363 4476,5363 4628,5363 4655,5363 4721,5363 4759,5363 4835,5363"/>
                <TextEquiv>
                    <Unicode>Die halbamtliche Agentur Domei hat aus</Unicode>
                </TextEquiv>
            </TextLine>
            <TextLine id="r18l16" custom="readingOrder {index:15;}">
                <Coords points="3796,5367 3818,5367 4086,5368 4733,5372 4842,5381 4842,5418 4620,5418 3926,5412 3795,5410"/>
                <Baseline points="3800,5404 3885,5405 3926,5405 4086,5408 4129,5408 4269,5408 4312,5408 4456,5411 4498,5410 4579,5409 4620,5410 4836,5410"/>
                <TextEquiv>
                    <Unicode>dem gleichen Grund heraus eine Erklärung</Unicode>
                </TextEquiv>
            </TextLine>
            <TextLine id="r18l17" custom="readingOrder {index:16;}">
                <Coords points="3794,5424 3825,5414 4024,5414 4764,5418 4837,5425 4844,5460 4764,5463 4592,5463 3896,5459 3851,5457 3793,5454"/>
                <Baseline points="3799,5450 4024,5452 4093,5452 4191,5454 4262,5455 4522,5455 4592,5455 4837,5455"/>
                <TextEquiv>
                    <Unicode>abgegeben, das Bündnis zwiſchen</Unicode>
                </TextEquiv>
            </TextLine>
            <TextLine id="r18l18" custom="readingOrder {index:17;}">
                <Coords points="3798,5459 4040,5459 4766,5464 4814,5465 4836,5473 4844,5506 4814,5510 4155,5508 3999,5508 3795,5502"/>
                <Baseline points="3798,5498 4155,5500 4183,5500 4286,5500 4319,5501 4544,5502 4575,5502 4626,5502 4657,5502 4722,5502 4752,5502 4836,5502"/>
                <TextEquiv>
                    <Unicode>Deutſchland und Italien ſei der feſte</Unicode>
                </TextEquiv>
            </TextLine>
            <TextLine id="r18l19" custom="readingOrder {index:18;}">
                <Coords points="3799,5506 3836,5506 4510,5509 4658,5510 4735,5512 4807,5520 4843,5522 4847,5554 4804,5555 4780,5555 3915,5551 3794,5550"/>
                <Baseline points="3799,5545 4113,5548 4149,5547 4237,5547 4260,5547 4600,5548 4623,5549 4836,5549"/>
                <TextEquiv>
                    <Unicode>Drehpunkt der japaniſchen Außen⸗</Unicode>
                </TextEquiv>
            </TextLine>
            <TextLine id="r18l20" custom="readingOrder {index:19;}">
                <Coords points="3794,5557 3877,5552 4014,5552 4836,5557 4842,5599 4766,5602 4690,5600 4409,5599 3794,5594"/>
                <Baseline points="3804,5589 4014,5592 4078,5592 4156,5593 4198,5593 4350,5594 4374,5594 4686,5596 4727,5596 4836,5594"/>
                <TextEquiv>
                    <Unicode>politik. Als weitere unverrückbare Teile</Unicode>
                </TextEquiv>
            </TextLine>
            <TextLine id="r18l21" custom="readingOrder {index:20;}">
                <Coords points="3799,5599 3821,5599 4066,5600 4541,5603 4698,5604 4842,5608 4845,5647 4720,5650 4700,5650 3976,5646 3895,5645 3790,5642"/>
                <Baseline points="3799,5637 3864,5637 3895,5637 4132,5639 4162,5639 4308,5641 4338,5640 4541,5643 4570,5642 4630,5642 4660,5642 4837,5642"/>
                <TextEquiv>
                    <Unicode>der japaniſchen Politik bezeichnet die Agentur</Unicode>
                </TextEquiv>
            </TextLine>
            <TextLine id="r18l22" custom="readingOrder {index:21;}">
                <Coords points="3799,5646 3859,5646 4670,5650 4751,5651 4798,5652 4836,5655 4846,5694 4714,5696 4534,5696 4056,5693 3793,5689"/>
                <Baseline points="3799,5684 3859,5684 3907,5684 4216,5686 4264,5687 4355,5688 4403,5688 4836,5689"/>
                <TextEquiv>
                    <Unicode>die Beilegung des Chinakonflkts</Unicode>
                </TextEquiv>
            </TextLine>
            <TextLine id="r18l23" custom="readingOrder {index:22;}">
                <Coords points="3795,5704 3856,5694 3906,5693 3966,5693 4317,5695 4565,5697 4796,5699 4841,5704 4845,5742 4796,5744 4781,5744 4281,5740 3796,5736"/>
                <Baseline points="3799,5730 3877,5730 3906,5731 3966,5731 3994,5731 4365,5734 4393,5734 4674,5736 4700,5736 4753,5737 4781,5737 4838,5737"/>
                <TextEquiv>
                    <Unicode>und die Neuordnung Oſtaſiens im ja⸗</Unicode>
                </TextEquiv>
            </TextLine>
            <TextLine id="r18l24" custom="readingOrder {index:23;}">
                <Coords points="3791,5744 3897,5740 3994,5740 4755,5745 4841,5753 4844,5788 4809,5791 4777,5791 4478,5790 3791,5783"/>
                <Baseline points="3800,5777 3994,5781 4019,5780 4161,5780 4185,5780 4258,5780 4280,5780 4455,5781 4478,5781 4670,5782 4692,5782 4755,5782 4777,5782 4836,5783"/>
                <TextEquiv>
                    <Unicode>paniſchen Sinne. Die Agentur verwahrt ſich ge⸗</Unicode>
                </TextEquiv>
            </TextLine>
            <TextLine id="r18l25" custom="readingOrder {index:24;}">
                <Coords points="3792,5791 3896,5787 4201,5787 4633,5789 4804,5792 4843,5803 4843,5837 4716,5836 3791,5831"/>
                <Baseline points="3801,5823 3871,5824 3896,5824 3955,5825 3977,5825 4238,5827 4262,5827 4326,5827 4350,5827 4672,5828 4695,5828 4836,5829"/>
                <TextEquiv>
                    <Unicode>gen die Behauptung der angelſächſiſchen Preſſe,</Unicode>
                </TextEquiv>
            </TextLine>
            <TextLine id="r18l26" custom="readingOrder {index:25;}">
                <Coords points="3799,5833 3943,5833 4285,5834 4687,5836 4838,5837 4847,5880 4806,5882 4575,5879 4086,5878 3851,5876 3793,5874"/>
                <Baseline points="3799,5868 3874,5870 3910,5870 4050,5872 4086,5872 4285,5873 4323,5873 4451,5874 4499,5874 4571,5874 4616,5874 4687,5876 4724,5876 4838,5875"/>
                <TextEquiv>
                    <Unicode>daß Japan abſichtlich Streit mit den USA</Unicode>
                </TextEquiv>
            </TextLine>
            <TextLine id="r18l27" custom="readingOrder {index:26;}">
                <Coords points="3794,5879 3910,5879 4593,5883 4678,5884 4794,5886 4848,5890 4851,5927 4708,5930 4567,5930 4175,5926 3843,5925 3793,5924"/>
                <Baseline points="3801,5916 3910,5918 3960,5918 4034,5919 4062,5920 4146,5920 4175,5920 4411,5921 4438,5921 4837,5922"/>
                <TextEquiv>
                    <Unicode>ſuche. Die dem japaniſchen Außenminiſterium</Unicode>
                </TextEquiv>
            </TextLine>
            <TextLine id="r18l28" custom="readingOrder {index:27;}">
                <Coords points="3795,5931 3853,5926 3899,5925 4066,5925 4818,5931 4847,5942 4849,5972 4829,5973 4804,5974 4729,5974 4079,5971 4054,5971 3853,5971 3795,5967"/>
                <Baseline points="3800,5962 4066,5965 4096,5965 4264,5967 4294,5967 4453,5968 4473,5968 4623,5969 4653,5969 4728,5970 4757,5967 4837,5969"/>
                <TextEquiv>
                    <Unicode>naheſtehende Zeitung „Japan Times and Ad⸗</Unicode>
                </TextEquiv>
            </TextLine>
            <TextLine id="r18l29" custom="readingOrder {index:28;}">
                <Coords points="3794,5973 3882,5973 3935,5973 4778,5976 4836,5989 4845,6021 4778,6022 3903,6020 3888,6020 3793,6013"/>
                <Baseline points="3800,6008 4001,6011 4206,6013 4380,6012 4836,6016"/>
                <TextEquiv>
                    <Unicode>vertiſer“ prägt den Begriff des „politiſchen</Unicode>
                </TextEquiv>
            </TextLine>
            <TextLine id="r18l30" custom="readingOrder {index:29;}">
                <Coords points="3800,6019 3832,6019 4354,6022 4813,6025 4836,6034 4846,6070 4813,6070 4775,6070 4226,6067 3941,6064 3794,6063"/>
                <Baseline points="3800,6058 4066,6059 4089,6059 4154,6059 4180,6060 4296,6061 4321,6061 4458,6062 4484,6062 4561,6062 4587,6062 4690,6063 4716,6064 4836,6062"/>
                <TextEquiv>
                    <Unicode>Krieges“, der gegen Japan von einer Reihe</Unicode>
                </TextEquiv>
            </TextLine>
            <TextLine id="r18l31" custom="readingOrder {index:30;}">
                <Coords points="3794,6068 3906,6067 4016,6067 4526,6070 4650,6071 4844,6077 4844,6114 4749,6116 4020,6110 3996,6110 3793,6106"/>
                <Baseline points="3800,6102 3876,6104 3906,6104 4080,6105 4111,6106 4262,6106 4290,6107 4425,6108 4479,6108 4552,6109 4581,6109 4749,6109 4781,6109 4837,6109"/>
                <TextEquiv>
                    <Unicode>von Mächten geführt werde. Die Zeitung er⸗</Unicode>
                </TextEquiv>
            </TextLine>
            <TextLine id="r18l32" custom="readingOrder {index:31;}">
                <Coords points="3799,6112 3909,6112 4774,6117 4842,6124 4844,6162 4774,6162 3917,6156 3887,6156 3791,6154"/>
                <Baseline points="3799,6148 3909,6150 3936,6150 4011,6152 4043,6152 4181,6154 4214,6153 4277,6154 4311,6154 4389,6154 4422,6154 4589,6156 4621,6156 4664,6155 4697,6155 4836,6156"/>
                <TextEquiv>
                    <Unicode>klärt, daß Japan nie und nimmer in dieſem</Unicode>
                </TextEquiv>
            </TextLine>
            <TextLine id="r18l33" custom="readingOrder {index:32;}">
                <Coords points="3794,6163 3852,6159 4016,6159 4806,6165 4840,6175 4840,6211 4786,6211 4138,6206 3926,6204 3794,6202"/>
                <Baseline points="3800,6195 4016,6198 4043,6199 4159,6199 4185,6199 4254,6199 4280,6199 4414,6201 4441,6201 4565,6202 4590,6202 4711,6203 4736,6203 4836,6202"/>
                <TextEquiv>
                    <Unicode>politiſchen Krieg vor irgend einem ſeiner Geg⸗</Unicode>
                </TextEquiv>
            </TextLine>
            <TextLine id="r18l34" custom="readingOrder {index:33;}">
                <Coords points="3802,6211 3962,6207 4109,6207 4323,6208 4323,6247 4281,6255 4201,6255 3893,6250 3794,6249"/>
                <Baseline points="3803,6243 3869,6244 3893,6244 4179,6246 4203,6246 4314,6247"/>
                <TextEquiv>
                    <Unicode>ner zurückweichen wird.</Unicode>
                </TextEquiv>
            </TextLine>
            <TextLine id="r18l35" custom="readingOrder {index:34;}">
                <Coords points="3846,6252 3880,6252 4389,6255 4552,6256 4684,6258 4840,6263 4845,6300 4781,6305 4754,6305 3841,6295"/>
                <Baseline points="3846,6290 3922,6291 3953,6291 4059,6292 4093,6292 4159,6293 4192,6293 4389,6294 4425,6295 4684,6295 4719,6295 4835,6294"/>
                <TextEquiv>
                    <Unicode>Als einer der heftigſten Luftangriffe gegen</Unicode>
                </TextEquiv>
            </TextLine>
            <TextLine id="r18l36" custom="readingOrder {index:35;}">
                <Coords points="3795,6298 4063,6300 4787,6305 4843,6308 4843,6345 4797,6352 4355,6346 3876,6345 3853,6344 3837,6343 3792,6343"/>
                <Baseline points="3799,6336 4056,6338 4097,6338 4197,6339 4237,6339 4304,6340 4343,6340 4407,6341 4439,6341 4634,6342 4676,6342 4836,6344"/>
                <TextEquiv>
                    <Unicode>Tſchungking wird der am Samstag erfolgte</Unicode>
                </TextEquiv>
            </TextLine>
            <TextLine id="r18l37" custom="readingOrder {index:36;}">
                <Coords points="3794,6345 4128,6345 4531,6349 4803,6353 4835,6354 4843,6392 4803,6398 4535,6397 4344,6394 3890,6391 3792,6388"/>
                <Baseline points="3800,6384 4128,6386 4177,6386 4243,6387 4294,6387 4531,6390 4579,6391 4835,6389"/>
                <TextEquiv>
                    <Unicode>Bombenangriff der japaniſchen Marineluft⸗</Unicode>
                </TextEquiv>
            </TextLine>
            <TextLine id="r18l38" custom="readingOrder {index:37;}">
                <Coords points="3793,6398 3826,6393 3879,6393 4526,6396 4841,6398 4841,6446 4695,6446 4055,6441 3826,6439 3789,6437"/>
                <Baseline points="3800,6431 3916,6432 3939,6432 4007,6433 4031,6433 4287,6434 4313,6434 4526,6435 4573,6436 4652,6438 4677,6438 4836,6437"/>
                <TextEquiv>
                    <Unicode>waffe auf Tſchungking bezeichnet. Der Angriff</Unicode>
                </TextEquiv>
            </TextLine>
            <TextLine id="r18l39" custom="readingOrder {index:38;}">
                <Coords points="3800,6440 3822,6440 4223,6441 4732,6447 4785,6448 4841,6455 4841,6489 4732,6491 4379,6488 4293,6488 3847,6484 3795,6482"/>
                <Baseline points="3800,6476 4084,6479 4258,6481 4427,6481 4576,6482 4835,6483"/>
                <TextEquiv>
                    <Unicode>begann am frühen Morgen und dauerte den</Unicode>
                </TextEquiv>
            </TextLine>
            <TextLine id="r18l40" custom="readingOrder {index:39;}">
                <Coords points="3790,6491 3974,6487 4022,6487 4193,6489 4216,6508 4218,6531 4193,6533 3995,6533 3878,6532 3790,6532"/>
                <Baseline points="3801,6523 3945,6525 3974,6525 4058,6526 4085,6526 4207,6527"/>
                <TextEquiv>
                    <Unicode>ganzen Tag durch.</Unicode>
                </TextEquiv>
            </TextLine>
            <TextEquiv>
                <Unicode>Satan weicht nicht zurück
(Eigene Drahtmeldung des „HB“)
Tokio. 31. Auguſt
„Satan beabſichtigt nicht, auch nur einen
Schritt von ſeinen bisher unverrückbar feſtge⸗
legten Zielen abzuweichen,“ ſchreibt die Zeitung
„Aſahi Schimbun“ in einer Stellungnahme zu
der tendenziöſen Auslegung der Botſchaft des
japaniſchen Miniſterpräſidenten Konoye an
Rooſevelt, wie in nordamerikaniſchen Zeitun⸗
gen zu finden ſei. Es iſt überflüſſig zu beto⸗
nen, daß der dem Dreierpakt innewohnende
Geiſt die Grundlage der japaniſchen Diplo⸗
matie bilde.
Die halbamtliche Agentur Domei hat aus
dem gleichen Grund heraus eine Erklärung
abgegeben, das Bündnis zwiſchen
Deutſchland und Italien ſei der feſte
Drehpunkt der japaniſchen Außen⸗
politik. Als weitere unverrückbare Teile
der japaniſchen Politik bezeichnet die Agentur
die Beilegung des Chinakonflkts
und die Neuordnung Oſtaſiens im ja⸗
paniſchen Sinne. Die Agentur verwahrt ſich ge⸗
gen die Behauptung der angelſächſiſchen Preſſe,
daß Japan abſichtlich Streit mit den USA
ſuche. Die dem japaniſchen Außenminiſterium
naheſtehende Zeitung „Japan Times and Ad⸗
vertiſer“ prägt den Begriff des „politiſchen
Krieges“, der gegen Japan von einer Reihe
von Mächten geführt werde. Die Zeitung er⸗
klärt, daß Japan nie und nimmer in dieſem
politiſchen Krieg vor irgend einem ſeiner Geg⸗
ner zurückweichen wird.
Als einer der heftigſten Luftangriffe gegen
Tſchungking wird der am Samstag erfolgte
Bombenangriff der japaniſchen Marineluft⸗
waffe auf Tſchungking bezeichnet. Der Angriff
begann am frühen Morgen und dauerte den
ganzen Tag durch.</Unicode>
            </TextEquiv>
        </TextRegion>
        <TextRegion type="paragraph" id="r19" custom="readingOrder {index:18;} structure {type:paragraph;}">
            <Coords points="3778,6575 4858,6575 4857,7102 3777,7102"/>
            <TextLine id="r19l1" custom="readingOrder {index:0;}">
                <Coords points="3941,6580 4063,6582 4557,6583 4700,6606 4700,6655 4651,6655 4622,6655 4122,6656 3939,6648"/>
                <Baseline points="3952,6640 4185,6640 4217,6640 4685,6642"/>
                <TextEquiv>
                    <Unicode>Wiborgs Stadtverwaltung</Unicode>
                </TextEquiv>
            </TextLine>
            <TextLine id="r19l2" custom="readingOrder {index:1;}">
                <Coords points="4142,6665 4238,6665 4498,6667 4498,6733 4142,6731"/>
                <Baseline points="4155,6723 4290,6723 4320,6723 4485,6723"/>
                <TextEquiv>
                    <Unicode>kehrt zurück</Unicode>
                </TextEquiv>
            </TextLine>
            <TextLine id="r19l3" custom="readingOrder {index:2;}">
                <Coords points="4035,6746 4060,6740 4201,6741 4695,6744 4760,6745 4798,6752 4798,6795 4760,6796 4643,6796 4035,6792"/>
                <Baseline points="4042,6781 4215,6784 4236,6784 4291,6785 4313,6786 4412,6786 4437,6786 4619,6787 4643,6788 4788,6788"/>
                <TextEquiv>
                    <Unicode>Helſinki, 31. Aug. (Eigener Dienſt)</Unicode>
                </TextEquiv>
            </TextLine>
            <TextLine id="r19l4" custom="readingOrder {index:3;}">
                <Coords points="3843,6801 3931,6801 4261,6805 4693,6809 4797,6810 4836,6818 4844,6850 4693,6854 4648,6854 4007,6849 3842,6846"/>
                <Baseline points="3846,6842 3977,6841 4007,6841 4085,6841 4118,6842 4208,6842 4240,6842 4311,6842 4343,6842 4615,6845 4648,6845 4836,6847"/>
                <TextEquiv>
                    <Unicode>Leider ſind nach den vorliegenden Frontbe⸗</Unicode>
                </TextEquiv>
            </TextLine>
            <TextLine id="r19l5" custom="readingOrder {index:4;}">
                <Coords points="3796,6860 3824,6851 3838,6850 4238,6850 4502,6852 4693,6855 4809,6857 4835,6858 4845,6899 4748,6900 4601,6900 4043,6897 3838,6894 3792,6891"/>
                <Baseline points="3802,6887 3936,6887 3960,6887 4021,6887 4043,6887 4324,6889 4349,6889 4389,6890 4414,6891 4575,6891 4601,6891 4748,6893 4770,6893 4835,6893"/>
                <TextEquiv>
                    <Unicode>richten die Zerſtörungen in Wiborg größer, als</Unicode>
                </TextEquiv>
            </TextLine>
            <TextLine id="r19l6" custom="readingOrder {index:5;}">
                <Coords points="3794,6902 3928,6898 4193,6898 4375,6899 4510,6900 4731,6903 4843,6906 4843,6950 4695,6949 3928,6943 3795,6941"/>
                <Baseline points="3799,6933 3890,6934 3928,6934 4193,6935 4229,6935 4411,6937 4460,6938 4545,6939 4584,6939 4659,6940 4695,6940 4836,6942"/>
                <TextEquiv>
                    <Unicode>man urſprünglich annahm. Das alte Schloß</Unicode>
                </TextEquiv>
            </TextLine>
            <TextLine id="r19l7" custom="readingOrder {index:6;}">
                <Coords points="3793,6943 3811,6943 4463,6945 4784,6950 4839,6958 4845,6992 4784,6995 4714,6995 4146,6991 3793,6986"/>
                <Baseline points="3797,6979 3911,6981 3946,6980 4084,6981 4146,6981 4463,6984 4496,6985 4679,6987 4714,6987 4835,6988"/>
                <TextEquiv>
                    <Unicode>ſowie andere charakteriſtiſche Gebäude ſtehen</Unicode>
                </TextEquiv>
            </TextLine>
            <TextLine id="r19l8" custom="readingOrder {index:7;}">
                <Coords points="3793,6994 3850,6989 4111,6989 4459,6993 4616,6995 4693,6996 4768,6997 4835,6998 4841,7040 4740,7040 4663,7040 3850,7032 3789,7033"/>
                <Baseline points="3798,7026 3893,7025 3938,7025 4033,7026 4077,7026 4616,7031 4651,7032 4835,7034"/>
                <TextEquiv>
                    <Unicode>noch. Die Stadtverwaltung begibt</Unicode>
                </TextEquiv>
            </TextLine>
            <TextLine id="r19l9" custom="readingOrder {index:8;}">
                <Coords points="3790,7034 3885,7034 4705,7041 4834,7053 4834,7090 4673,7090 3790,7081"/>
                <Baseline points="3797,7073 3885,7073 3914,7073 4049,7074 4074,7074 4147,7074 4171,7074 4446,7076 4470,7077 4579,7078 4605,7079 4833,7082"/>
                <TextEquiv>
                    <Unicode>ſich ſchon am Dienstag nach Wiborg.</Unicode>
                </TextEquiv>
            </TextLine>
            <TextEquiv>
                <Unicode>Wiborgs Stadtverwaltung
kehrt zurück
Helſinki, 31. Aug. (Eigener Dienſt)
Leider ſind nach den vorliegenden Frontbe⸗
richten die Zerſtörungen in Wiborg größer, als
man urſprünglich annahm. Das alte Schloß
ſowie andere charakteriſtiſche Gebäude ſtehen
noch. Die Stadtverwaltung begibt
ſich ſchon am Dienstag nach Wiborg.</Unicode>
            </TextEquiv>
        </TextRegion>
        <SeparatorRegion id="r_13" custom="readingOrder {index:19;}">
            <Coords points="2797,422 4789,422 4789,448 2797,448"/>
        </SeparatorRegion>
        <SeparatorRegion id="r_14" custom="readingOrder {index:20;}">
            <Coords points="515,436 2481,436 2481,463 515,463"/>
        </SeparatorRegion>
        <SeparatorRegion id="r_15" custom="readingOrder {index:21;}">
            <Coords points="3175,473 4729,473 4729,503 3175,503"/>
        </SeparatorRegion>
        <SeparatorRegion id="r_16" custom="readingOrder {index:22;}">
            <Coords points="561,493 2107,493 2107,515 561,515"/>
        </SeparatorRegion>
        <SeparatorRegion id="r_17" custom="readingOrder {index:23;}">
            <Coords points="3647,533 4399,533 4399,556 3647,556"/>
        </SeparatorRegion>
        <SeparatorRegion id="r_18" custom="readingOrder {index:24;}">
            <Coords points="3061,550 3647,550 3647,563 3061,563"/>
        </SeparatorRegion>
        <SeparatorRegion id="r_19" custom="readingOrder {index:25;}">
            <Coords points="891,557 2217,557 2217,574 891,574"/>
        </SeparatorRegion>
        <SeparatorRegion id="r_20" custom="readingOrder {index:26;}">
            <Coords points="2951,597 4079,597 4079,624 2951,624"/>
        </SeparatorRegion>
        <SeparatorRegion id="r_21" custom="readingOrder {index:27;}">
            <Coords points="1197,617 2323,617 2323,635 1197,635"/>
        </SeparatorRegion>
        <SeparatorRegion id="r_22" custom="readingOrder {index:28;}">
            <Coords points="3318,656 3792,656 3792,675 3318,675"/>
        </SeparatorRegion>
        <SeparatorRegion id="r_23" custom="readingOrder {index:29;}">
            <Coords points="1498,674 1886,674 1886,691 1498,691"/>
        </SeparatorRegion>
        <SeparatorRegion id="r_24" custom="readingOrder {index:30;}">
            <Coords points="2939,1254 4813,1254 4813,1294 2939,1294"/>
        </SeparatorRegion>
        <SeparatorRegion id="r_25" custom="readingOrder {index:31;}">
            <Coords points="3713,1360 4693,1360 4693,1398 3713,1398"/>
        </SeparatorRegion>
        <SeparatorRegion id="r_26" custom="readingOrder {index:32;}">
            <Coords points="2833,1548 4829,1548 4829,1578 2833,1578"/>
        </SeparatorRegion>
        <SeparatorRegion id="r_27" custom="readingOrder {index:33;}">
            <Coords points="479,1555 2424,1555 2424,1589 479,1589"/>
        </SeparatorRegion>
        <SeparatorRegion id="r_28" custom="readingOrder {index:34;}">
            <Coords points="357,5017 373,5017 373,7263 357,7263"/>
        </SeparatorRegion>
        <SeparatorRegion id="r_29" custom="readingOrder {index:35;}">
            <Coords points="367,4337 372,4337 372,4643 367,4643"/>
        </SeparatorRegion>
        <SeparatorRegion id="r_30" custom="readingOrder {index:36;}">
            <Coords points="369,3811 375,3811 375,4265 369,4265"/>
        </SeparatorRegion>
        <SeparatorRegion id="r_31" custom="readingOrder {index:37;}">
            <Coords points="368,2895 376,2895 376,3481 368,3481"/>
        </SeparatorRegion>
        <SeparatorRegion id="r_32" custom="readingOrder {index:38;}">
            <Coords points="368,1765 377,1765 377,2111 368,2111"/>
        </SeparatorRegion>
        <SeparatorRegion id="r_33" custom="readingOrder {index:39;}">
            <Coords points="3951,3915 4007,3915 4007,3924 3951,3924"/>
        </SeparatorRegion>
        <SeparatorRegion id="r_34" custom="readingOrder {index:40;}">
            <Coords points="5096,3457 5100,3457 5100,3507 5096,3507"/>
        </SeparatorRegion>
    </Page>
</PcGts>
