4062 5437
3431 121 3862 172 Einzelpreis 20 Pfg.
624 313 787 388 Nr. 4
618 413 806 469 Jahrg. 1
1039 270 1418 314 Offizielles Partei⸗Organ.
875 323 1576 354 Das Hakenkreuz⸗Banner erſcheint wöchentlich und koſtet
872 356 1576 391 ohne Zuſtellung 90 Pfg. Beſtellungen bei den Poſtämtern
873 393 1575 426 und bei den Briefträgern, ſowie beim Verlag, Mannheim
867 429 1577 462 P 5, 13 a. — Zahlungs⸗ und Erfüllungsort, ſowie Gerichts⸗
870 462 1577 499 ſtand iſt Mannheim. Poſtſcheckkonto: 6775 Ludwigshafen.
2967 284 3563 314 Anzeigen: Die achtgeſpaltene Millimeter⸗
2963 311 3565 347 Anzeigenzeile 10 Pfg. Wiederholungsrabatte nach
2963 345 3559 377 beſ. Tarif. Redaktionsſchluß für Inſerate: Donners⸗
2963 378 3564 407 tag 12 Uhr. — Bei Ausfall der Lieferung infolge
2962 409 3566 438 höherer Gewalt, polizeilichem Verbot, Betriebs⸗
2970 439 3560 472 ſtörung, Streik u. ſ. w. beſteht kein Anſpruch auf
3072 469 3459 503 Rückzahlung oder Rachlieferung.
3602 306 3849 362 Mannheim
3603 370 3838 419 24. Januar
3664 428 3796 484 1931
995 600 2170 736 Die nationalſozialiſtiſche Zeitung
2413 619 3678 728 der Bezirke Mannheim-Weinheim
1010 1512 3391 1727 Remmele beim Liederkranz.
1105 1783 3283 1866 Mannheim: Aus dem Geheimkabinett! Mißwirtſchaft . . . Gott bewahre!
1115 1887 3279 1955 Fort mit den Doppelverdienern! — Leerlauf und Obſtruktion im Stadtrat?!
507 2152 1590 2246 Nationalſozialiſten und Natio⸗
541 2250 1553 2337 nalſozialiſtinnen in Baden!
583 2391 1505 2455 SPD., Zenirum und Reichsbanner
511 2481 1586 2525 wollen nach ihren eigenen Erklärungen zum Gegenangriff
512 2526 1586 2571 gegen die nationalſozialiſtiſche Freiheitsbewegung aus⸗
510 2568 1587 2616 holen. Die SPD. hat den Angriff bereits durch einen
511 2614 1586 2660 wohlorganiſierten Lügenfeldzug mit einer Flut von
506 2657 1587 2703 Papier, Preſſe, Plakate, Flugblätter und Broſchüren be⸗
511 2705 1588 2747 gonnen. Die Zentrumspartei will am 22. Januar den
510 2748 1588 2792 Kampf einleiten. Und das Reichsbanner ſoll nach den
506 2792 1588 2837 Wünſchen der roten und ſchwarzen Sklavenhalter am
509 2836 1586 2883 22. Februar „marſchbereit“ ſein. Die Parteien des No⸗
508 2883 1587 2926 vemberverbrechens wollen ſich alſo nicht gegen die Not
508 2927 1587 2971 und das Elend unſeres Volkes, ſondern gegen das er⸗
506 2971 1587 3015 wachende Deutſchland wenden. Zum wiederholten Male
507 3016 1583 3061 wollen ſie den Dolch in den Rücken des um ſein täg⸗
505 3060 1586 3105 liches Brot ringenden Volkes ſtoßen. Nicht die Samm⸗
506 3104 1585 3151 lung der Kräfte gegen Verſailles, Young und gegen den
511 3150 1582 3194 Kapitalismus, ſondern der Bürgerkrieg iſt ihre Parole;
508 3195 1580 3238 der Kampf gegen den eigenen Bruder, der ſeine Freiheit
512 3235 605 3281 will.
759 3312 1335 3377 Nationalſozialiſten!
591 3405 1585 3453 Es iſt Euer Verdienſt, wenn unſer Volk dem
512 3452 1584 3498 ſchwarz⸗roten Verderben nicht mehr wehrlos gegenüber
508 3495 1582 3542 ſteht. Ihr habt ein Recht ſtolz darauf zu ſein, in der
503 3540 1581 3587 NSDAP. eine Waffe geſchaffen zu haben, die unſerem
505 3585 1583 3632 Freiheitswillen die Initiative ewig ſichern und den Geg⸗
505 3629 1588 3676 ner tödlich treffen muß. Deshalb lachen wir über die
504 3674 1576 3722 Drohungen der rot⸗ſchwarzen Bürgerkriegspolitiker und
503 3716 1576 3766 ſetzen unſeren Kampf mit geſteigerter Kraft und Heftig⸗
501 3764 675 3811 keit fort.
667 3833 1408 3899 Dreitauſend Verſammlungen
509 3902 1577 3958 bis weit in das Frühjahr hinein ſind allein für Baden
504 3955 707 3999 vorbereitet.
832 4009 1243 4075 Drei Zeitungen
503 4086 1580 4136 — in Karlsruhe, Heidelberg und Mannheim — rufen
505 4132 1580 4178 nunmehr zum Kampf um Freiheit und Brot. Andere
505 4178 787 4223 werden folgen.
701 4248 1365 4317 Millionen von Flugblätter
502 4320 1569 4372 und Plakaten werden die Wahrheit unter den Maſſen
501 4369 1011 4416 unſeres Volkes verkünden.
835 4445 1237 4503 Fünfzehntauſend
500 4512 1575 4566 organiſierte Nationalſozialiſten in Baden arbeiten und
500 4560 1133 4605 opfern für die Freiheitsbewegung.
826 4636 1245 4697 Hunderttauſende
502 4705 1418 4756 werden mit uns und mit unſerem Kampfe ſein.
637 4770 1439 4846 Nieder mit der Sklaverei!
709 4854 1355 4932 Es lebe die Freiheit!
586 4954 1565 5004 Das iſt die Antwort, die wir unſeren Gegnern zu
501 4998 746 5042 geben haben!
1205 5041 1522 5096 Robert Wagner.
1746 2033 2740 2083 Vor einigen Tagen beging der „Liederkranz“ Mann⸗
1663 2088 2739 2136 heim ſein 75 jähriges Jubiläum, zu dem u. a. Herr Miniſter
1658 2142 2740 2188 Remmele erſchienen war. Im Namen der Staats⸗
1659 2197 2739 2242 regierung gratulierte Herr Dr. Guth⸗Bender. Beſonders
1658 2245 2740 2295 herzlich waren die Glückwünſche der israelitiſchen Ge⸗
1658 2304 2739 2349 meinde durch Herrn D. Julius Moſes, der die Per⸗
1659 2353 2742 2402 ſonalunion zwiſchen den Führern des „Liederkranzes“
1657 2410 2740 2454 und der jüdiſchen Gemeinde hervorhob. Sicherem Ver⸗
1657 2463 2740 2509 nehmen nach ſoll auch Herr Remmele von den Geſangs⸗
1658 2512 2740 2562 darbietungen befriedigt geweſen ſein. Dagegen war die
1659 2565 2742 2616 Polizei in Müllheim über den Geſang „Das Wandern iſt
1659 2620 2736 2669 des Müllers Luſt“ in Gegenwart von Herrn Remmele
1660 2675 2741 2724 wenig erbaut. Es hagelte Geldſtrafen bis zu ℛℳ 100. —
1659 2727 1907 2779 pro Sänger.
1736 4401 2724 4451 Der Parteibonze vor Annahme des Youngplanes
1651 4458 2727 4506 verſpricht dem deutſchen Volhe „Erleichterungen“ und
1656 4510 2724 4557 „Ankurbelung der Wirtſchaft“. Heute beinahe 5 Millio⸗
1651 4562 2395 4610 nen Erwerbsloſe! Regieren mit § 48!
1651 4747 2083 4803 Aus dem Inhalt:
1693 4828 2719 4879 Nationalſozialismus und Marxismus vor dem Ent⸗
1742 4878 2046 4922 ſcheidungskampf.
1692 4926 2169 4977 Rote Juſtiz, Fortſetzung.
1691 4980 2493 5031 Aus dem Mannheimer Gemeindekabinett.
1685 5039 2525 5093 Im Trommelfeuer der Berliner Journaille.
1688 5092 2231 5140 Die Oberbürgermeiſter⸗Villa.
1688 5144 2220 5193 Vom Weinheimer Rathaus.
2860 2039 3853 2132 Die ſterbende Demokratie!
3024 2160 3890 2204 Motto: „Wenn es ſo weitergeht, wie in den letzten
3196 2211 3895 2250 Wochen, dann endigt die Demokratie genau
3192 2251 3892 2295 ſo, wie der Liberalismus in Stalien abge⸗
3198 2295 3380 2335 treten iſt.“
3293 2341 3888 2381 Joſeph Wirth in der Republ. Union.
2898 2408 3885 2461 Wir treten an das Sterbebett der Demokratie. Es
2809 2455 3885 2505 ſteht irgendwo in Berlin, in München, in Kalsruhe —
2806 2502 3890 2550 in irgendeinem Parlamentsgebäude, durch deſſen weite
2811 2546 3885 2594 Hallen das letzte Röcheln des Parlamentarismus flüſtert.
2805 2591 3887 2639 Es iſt ein Glück, daß das Parkett der Plenumſäle immer
2808 2637 3887 2684 mit dicken Teppichen ausgelegt iſt, ſonſt würden die
2808 2678 3890 2726 Dielen beim Drüberhinſchreiten ächzen. Schreiten — das
2808 2725 3881 2772 iſt zu elaſtiſch, zu engelsgleich — ſagen wir wälzen:
2805 2768 3887 2818 drüberhinwälzen. Die Parlamentarier ſind den Nazis
2806 2812 3889 2859 immer überlegen — an Gewicht, verſteht ſich. — In den
2808 2856 3887 2907 Parlamenten wird immer geredet. Die Stimmen klingen
2802 2902 3886 2951 ölig, gut gefettet; man denkt an Lebertran. Der Appetit
2805 2947 3881 2992 vergeht einem, ſo ſehr kommt das aus dem Satten.
2803 2989 3882 3038 Dieſes Redenhalten wird ſehr ernſt genommen. Zum
2807 3035 3880 3084 Beweis tragen die Redenden vollgepackte Aktentaſchen.
2805 3079 3880 3130 Wenn das Volk ſeine Parlamentarier ſo dargeſtellt ſieht,
2803 3126 3879 3175 dann verbindet ſich mit dem Anblick der Begriff: poſitive
2805 3168 3883 3219 Arbeit. In Wahrheit ſind in den Aktentaſchen die Auf⸗
2806 3215 3884 3265 ſichtsratspapiere. Das iſt die Hauptſache; in das Par⸗
2806 3259 3884 3308 lament gehen ſie, um Verteidigungsreden auf das Syſtem
2805 3302 3878 3350 zu halten. Dieſem Syſtem verdanken ſie die Tantiemen,
2802 3348 3880 3395 die ſchönen, weichen Teppiche, ihre Körperfülle, alles.
2804 3389 3880 3441 Man hat das Empfinden Froſch im Pfuhl — ab und zu
2804 3438 3884 3484 unkt er einmal, blinzelt und ſchwapp — hüpft er in den
2800 3480 3881 3530 Sumpf. — Aber es gibt auch disziplinierte Schmerbäuche,
2803 3527 3883 3575 geeignet in Kegelvereinen ſenile Vorſtandsmitglieder zu
2801 3571 3886 3619 markieren, es gibt Streber, denen der Ehrgeiz zu den
2805 3615 3884 3664 Knopflöchern herausquillt. Da ſind einige, die im 20.
2804 3657 3885 3710 Jahrhundert als Johannes den Wüſtenprediger ſpielen
2805 3705 3878 3753 wollen. Das hört ſich alles wie ein Orcheſtrion an, auf
2801 3749 3882 3798 deſſen ausgeleiertem Mechanismus eine Walze abgeleiert
2800 3794 3878 3841 wird, die ſchon vor 10 Jahren abgeleiert war. Die
2797 3837 3880 3884 andern behaupten, das ſei Arbeit in Potenz, mir kommt
2801 3881 3879 3931 das vor wie Faulheit mit Methode und Geſchäftsordnung.
2887 3925 3878 3976 Neulich traf ich eine Volksvertreterin im Reſtaurant.
2801 3968 3879 4020 Sie goß zwei doppelte Kirſchwaſſer hinter die Binde.
2800 4014 3878 4064 Ihrem verwunderten Genoſſen erklärte ſie, „um das
2803 4059 3880 4111 Bauchweh zu verſcheuchen, ſie habe zweimal zu Mittag
2800 4103 3050 4151 gegeſſen.“ —
2888 4155 3874 4209 Spießer, aber keine Revolutionäre, kein Schwung,
2799 4200 3879 4253 kein Elan! Sie haben nur Beharrungsvermögen und
2799 4245 3878 4297 dies in der unſympathiſchen Form der faulen, wohl⸗
2795 4291 3877 4342 genährten Seßhaftigkeit. Aus dieſer Perſpektive pro⸗
2799 4336 3877 4387 klamieren ſie das Manifeſt von Ruhe und Ordnung und
2796 4381 3879 4431 aalen ſich im Schutze der Gummiknüppel und Legalität.
2884 4431 3879 4482 Bei Gott, das Parlament iſt ein Grab, in dem
2796 4475 3879 4526 Revolutionen begraben wurden und in denen die Wirk⸗
2795 4520 3876 4573 lichkeit verſchlafen wird. Während draußen in den Gaſ⸗
2797 4567 3876 4614 ſen der Städte und in den Tälern des Landes ein Brodeln
2797 4610 3877 4659 anhebt, unheilvoll, weil es der eines in ſeinen
2796 4656 3876 4706 tiefſten Rechten beleidigten Volkes iſt, treiben ſie hinter
2796 4700 3878 4750 Aktentiſchen Kümmelſpalterei. Die jüdiſche Journeille
2795 4745 3878 4797 muß das Volk fachgemäß einſeifen und verkünden: Dieſe
2793 4790 3875 4839 da ſeien Freunde des Volkes, Schützer des Staates —
2793 4832 3066 4877 Rupublikaner.
2882 4885 3873 4938 Das alles haben wir einſt geglaubt, als wir noch
2795 4934 3873 4982 naiv und jung in der Politik waren. Die Gummitknüppel
2792 4974 3871 5025 haben uns zurechtgehämmert; das Finanzamt hat ein
2793 5018 3868 5069 übriges getan. Und dann kamen wir an den ruhenden
2792 5064 3875 5113 Pol der Demohratie, kamen dorthin, wo Ruhe und
2793 5109 3867 5156 Ordnung, Tat und Weg ihren Anfang nehmen ſollen.
2791 5151 3873 5202 Was wir ſahen, waren Menſchen kleinbürgerlichen For⸗
