4058 5468
421 260 628 302 Nr. 2/1931
1790 260 2429 305 Das Hakenkrenz⸗Banner
3642 266 3793 312 Seite 5
497 408 3699 768 Der politiſche Wetterwinkel
525 851 1383 952 Ausblick auf 1931.
502 993 1485 1038 Das Jahr 1930 ſtellt einen Wendepunkt in der
417 1037 1485 1082 Geſchichte Deutſchlands dar. Das Anwachſen der natio⸗
418 1082 1487 1126 nalſozialiſtiſchen Stimmen zeigt, daß die Erkenntnis von
413 1126 1484 1171 der Unhaltbarkeit des Novemberſyſtems immer weitere
413 1170 1485 1214 Kreiſe des deutſchen Volks erfaßt hat. Dieſe Erkennt⸗
414 1215 1483 1259 nis zu vertiefen, iſt Aufgabe jedes pflichtbewußten Deut⸗
421 1258 1481 1303 ſchen. Die Freude über das bisher erreichte kann aber
413 1303 1483 1348 nicht vollſtändig ſein, ſolange noch Volksgenoſſen der
411 1348 1486 1392 Vernebelungstaktik erliegen, und den Irrlehren mar⸗
410 1392 1485 1437 xiſtiſcher und jüdiſcher Volksverhetzer Folge leiſten. Die
413 1437 1487 1482 deutſche Geſchichte, nicht zuletzt auch der Weltkrieg, ſind
412 1482 1481 1526 der Beweis der beiſpielsloſen Leiſtungsfähigkeit des deut⸗
412 1526 1485 1570 ſchen Volkes. Die Geſchichte iſt aber auch ein Beweis
412 1571 1481 1615 dafür, daß die politiſche Einſicht nicht zu den Haupt⸗
412 1615 1483 1660 fähigkeiten des deutſchen Volkes gehört, daß ihm der
411 1660 1477 1704 Sinn für die praktiſchen Möglichkeiten der Politik fehlt.
411 1704 1480 1750 Auch das Vertrauen in die deutſche Kraft iſt leider
411 1749 1481 1794 allzuoft nicht vorhanden geweſen. Die Juden bezeichnen
411 1793 1472 1838 ſich als das „auserwählte Volk“, obwohl ihre Fähig⸗
409 1838 1471 1883 keiten beſtimmt nicht auf ſchöpferiſchem Gebiete liegen.
410 1882 1478 1928 Die Engländer als „die Primaqualität der Welt“, die
411 1927 1484 1971 Franzoſen als „das Haupt der Nationen“; ihnen allen
409 1972 1470 2017 iſt klar, daß die Geſchloſſenheit das erſte iſt, und daß
407 2017 1478 2061 die Einigkeit der Nation die Vorausſetzung der Er⸗
414 2061 1476 2106 haltung ihres Staates bedeutet. Das gleiche gilt natür⸗
409 2106 1477 2150 lich auch für Italien und die anderen europäiſchen
409 2150 1478 2195 Staaten. Man hat dem Deutſchen die Staatsform der
407 2195 1476 2239 Republik, die Demokratie und den Parlamentarismus
404 2239 1482 2284 als nachahmenswerte Einrichtungen empfohlen, als wenn
406 2283 1474 2328 davon alles Heil eines Volkes abhinge. Man hat ihm
404 2328 1474 2373 verſchwiegen, daß der Zuſammenhalt die ſelbſtverſtänd⸗
404 2372 1473 2418 liche Vorausſetzung für das Beſtehen einer Nation iſt,
399 2416 1476 2462 nicht Staatsform oder Verfaſſungsbeſtimmungen, die
403 2461 1470 2506 letzten Endes nur Äußerlichkeiten ſind. Es iſt beſchämend,
403 2505 1473 2550 wenn nicht einmal das vollſtändige Verſagen der ſo⸗
403 2549 1473 2594 viel gerühmten Einrichtungen die Erkenntnis allgemein
404 2593 1472 2639 hat werden laſſen, daß es allein auf den Geiſt, auf die
405 2638 1357 2684 Geſinnung und nicht auf die Formen ankommt.
492 2682 1473 2727 Die Formen ſind in Wirklichkeit auch nur Vor⸗
398 2726 1475 2772 wände geweſen, wie ſich ganz klar ergeben hat. Der Par⸗
399 2771 1475 2815 lamentarismus diente dazu, das Entſtehen einer ſtarken
401 2815 1472 2860 Zentralgewalt zu verhüten, die Demokratie dazu, die
399 2860 1470 2904 Herrſchaft des Wucherkapitals zu ermöglichen, wie auch
396 2904 1469 2949 der Verſailler Friedensvertrag dazu diente, den Lebens⸗
399 2948 1472 2993 willen des deutſchen Volkes zu zerſtören und ihn willen⸗
399 2993 1471 3038 los der Ausbeutung durch das internationale Kapital
402 3038 1461 3083 zu unterwerfen. Es iſt bezeichnend, daß dieſelbe Preſſe,
399 3082 1461 3127 die dem Auslande hierin Vorſpanndienſte geleiſtet hat,
401 3128 1469 3172 die Hochverrat trieb und die deutſche Schuldanerkenntnis
400 3173 1469 3219 forderte, Deutſchlands Kriegsſchuld immer wieder be⸗
397 3218 1467 3262 tonte und die Reviſion des Verſailler Vertrages ge⸗
402 3262 1469 3307 fliſſentlich verhinderte, daß gerade dieſe Preſſe mit der
397 3306 1470 3352 Idee des Klaſſenkampfes und der Internationalität der
401 3351 1471 3396 Arbeiterklaſſe operierte, alſo Kampf im Innern, Unter⸗
396 3395 1460 3441 werfung nach Außen. Für ſie iſt eben die ſoziale Frage
397 3439 1476 3485 nichts anderes als ein Mittel, die Kräfte des deutſchen
396 3484 1470 3529 Volkes zu lähmen durch die Wahn⸗Idee von der Not⸗
1562 853 2629 897 wendigkeit des Klaſſenkampfes. Wie gering muß dieſe
1564 896 2632 941 Preſſe die Intelligenz des deutſchen Arbeiters einſchätzen,
1562 941 2640 986 wenn ſie glaubt, nach den Erfahrungen der letzten 12
1565 985 2635 1031 Jahre mit dieſen abgedroſchenen, verlogenen Phraſen
1566 1030 2632 1075 den deutſchen Arbeiter noch einfangen und gegen ſeine
1568 1075 2634 1120 Volksgenoſſen noch mobil machen zu können. Wie dumm
1566 1119 2630 1165 müßte der Arbeiter ſein, wenn er auch angeſichts der
1561 1163 2625 1208 ungeheueren Verelendung der deutſchen Arbeiterſchaft,
1558 1208 2637 1253 die der fremde Genoſſe ohne einen Finger zu rühren mit
1562 1252 2632 1297 anſieht, an das Märchen der internationalen Solidari⸗
1558 1298 2624 1343 tät der Arbeiterklaſſe glauben würde. Der Ausgleich
1557 1342 2630 1387 des ſozialen Gegenſatzes iſt dem Nationalſozialismus
1558 1386 2624 1431 Vorbedingung des Allgemeinwohls und der Volksgemein⸗
1565 1431 2630 1476 ſchaft, nicht Agitationsmittel. Die Löſung der ſozialen
1564 1475 2633 1520 Frage wurde in Deutſchland früher als in jedem anderen
1555 1520 2632 1564 Lande, ſchon unter Wilhelm Ⅰ., unternommen. Sie wird
1552 1565 2631 1609 weiter durchgeführt werden können, wenn die ungeheuere
1556 1610 2633 1655 Mißwirtſchaft beſeitigt iſt, wenn der Grundſatz, daß man
1559 1653 2628 1698 für den Staat leben müſſe, den heute herrſchenden
1557 1699 2627 1743 Grundſatz, daß man vom Staat leben müſſe, verdrängt
1555 1744 2625 1787 hat. Auch die Mittel, mit welchen die nationalſozia⸗
1552 1788 2628 1832 liſtiſche Bewegung bekämpft wurde, ſind kennzeichnend
1555 1832 2628 1878 für die Minderwertigkeit und Unaufrichtigkeit der Geg⸗
1554 1877 2624 1922 ner. Erſt der Verſuch, die Bewegung totzuſchweigen,
1555 1922 2626 1965 dann, ſie lächerlich zu machen, dann Widerſprüche zu
1552 1966 2621 2012 konſtruieren und nicht zuletzt die Mittel des unbedenk⸗
1554 2011 2627 2056 lichen Terrors, in dem dieſe Untermenſchen, wie die
1551 2056 2629 2100 Verherrlichung des politiſchen Mordes beweiſt, immer
1552 2100 2624 2145 Meiſter waren. Das Maulheldentum und die Kraft⸗
1549 2144 2624 2189 meierei, wie ſie z. B. der „Vorwärts“ und die „Gaſt⸗
1550 2188 2623 2234 volksſtimme“ aufweiſen, liegt uns nicht. Es ſteht dies
1555 2232 2626 2279 auch einer Bewegung nicht an, die in ihrer ſittlichen
1553 2277 2625 2323 Größe nur mit der Bewegung zur Zeit der Befreiungs⸗
1551 2321 2624 2367 kriege vergleichbar iſt. Die Zurückweiſung jedes Ter⸗
1548 2366 2628 2412 rors iſt eine Selbſtverſtändlichkeit, ſie wird ſich aber
1548 2410 2614 2455 nicht allein zu erſtrecken haben auf die Geſchobenen,
1551 2454 2614 2500 ſondern wird vor allem die Drahtzieher treffen müſſen,
1548 2498 2613 2544 ſoll die Geſundung des deutſchen Volkes ohne zu große
1550 2543 2622 2588 Opfer in den Reihen eigener Volksgenoſſen ſich voll⸗
1555 2587 2620 2633 ziehen. Die große moraliſche Kraft der nationalſozia⸗
1549 2631 2622 2678 liſtiſchen Idee liegt in ihrer inneren Klarheit und Wahr⸗
1551 2676 2622 2722 haftigkeit. Die Schaffung des neuen Deutſchland wird
1546 2721 2622 2766 erreicht werden, denn es geht um die Lebensmöglichkeit
1546 2765 2620 2811 und Zukunft des deutſchen Volkes. Selbſtloſigkeit, un⸗
1545 2809 2611 2856 bedingte Hingabe und Mitarbeit jedes Einzelnen iſt
1547 2854 2618 2900 Gewähr dafür, daß das Jahr 1931 uns der Erfüllung
1546 2897 2616 2944 des Zieles näher bringen wird. Der Sieg der Wahrheit
1546 2943 2616 2988 wird weder durch Verhetzung, noch durch Verleumdung,
1546 2987 2615 3034 noch durch Terror aufgehalten werden. Die Erkenntnis,
1546 3032 2620 3079 daß wir die Pflicht haben, das heilige Vermächtnis
1545 3077 2620 3123 deutſchen Volkstums zu ſchützen, wird uns all der Mär⸗
1542 3122 2622 3169 tyrer, die im Krieg und nach dem Krieg für ein einiges
1545 3166 2614 3213 und freies Deutſchland gefallen ſind, würdig machen,
1546 3210 2627 3257 uns alle wertvollen Kräfte der Nation, gleichwohl in
1544 3255 2622 3303 welchem Lager ſie noch ſtehen mögen und mit welchen
1545 3299 2619 3348 verwerflichen Mitteln der Lüge ſie noch zurückgehalten
1545 3345 2620 3391 werden mögen, zuführen und uns die Erfüllung unſerer
1543 3389 2620 3437 Aufgabe ermöglichen. In unſerer engen Heimat, zumal
1542 3433 2618 3481 in Mannheim, iſt es unſere Aufgabe, den ungeheuer⸗
1541 3479 2619 3526 lichen Mißbrauch öffentlicher Mittel, wie er in ſeiner
2719 854 3787 902 Schamloſigkeit vielleicht nur von Berlin übertroffen
2709 899 3788 944 wird, nachzuweiſen, um auch hier die Erkenntnis von
2713 942 3784 990 der Unhaltbarkeit des jetzigen Zuſtandes zu vertiefen.
2712 987 3784 1033 Möge jeder, der noch an die Zukunft Deutſchlands und
2708 1033 3785 1078 an die eigene wirtſchaftliche Zukunft glaubt, mithelfen,
2712 1077 3786 1122 damit auch in Mannheim Ehrlichkeit und Sauberkeit
2711 1123 3785 1167 erzwungen werden, damit nicht weiter Zuſtände herrſchen
2708 1166 3785 1213 mögen, die dem Einzelnen ermöglichen, ſich auf Koſten
2708 1210 3784 1257 der Allgemeinheit zu bereichern, während die große Mehr⸗
2709 1254 3784 1300 heit der Bevölkerung immer größerer Verelendung an⸗
2711 1299 3787 1346 heim fällt. Entgegen den bishergien Gepflogenheiten
2708 1344 3785 1388 in Mannheim werden auch die Kommunal⸗Sünden in
2707 1388 3785 1433 aller Klarheit und Öffentlichkeit beſprochen werden. Auch
2707 1433 3782 1478 Mannheim darf in dem Kampf um die Geſundung des
2706 1477 3762 1522 deutſchen Volkes nicht zurückſtehen. —a—
2810 1571 3685 1617 „Proſit Neujahr“ des Herrn Innenminiſter:
2792 1625 3779 1670 Herr Wittemann hat in einer „ſchlichten“ Neu⸗
2705 1669 3784 1714 jahrsfeier, wie der Chroniſt taktvoll vermeldet, eine Rede
2706 1713 3782 1759 gehalten. Anweſend waren außer den anweſend ſein
2703 1756 3774 1805 müſſenden Regierungsmitgliedern alle Kreiſe des öf⸗
2706 1803 3776 1849 fentlichen Lebens. Und trotzdem ſo einfach: „ſchlichte“
2702 1847 3780 1892 Neujahrsfeier. Das Reden des Herren Miniſters war
2705 1893 3781 1938 ſcheinbar auch „ſchlicht“. Herr Wittemann erzählte, Herr
2704 1938 3771 1981 Brüning ſei der feſte Pol in der Erſcheinungen Flucht.
2703 1980 3778 2026 Na, Herr Wittemann! gehören Sie zu den großen oder
2705 2022 3778 2071 kleinen Propheten? — Die Liebe zum Volk müſſe immer
2702 2070 3771 2115 mehr die Oberhand gewinnen über Schlagwortpolitik,
2704 2113 3776 2160 verſtiegenen Nationalismus, politiſchen und wirtſchaft⸗
2702 2160 3771 2204 lichen Peſſimismus, unfruchtbare und hemmungsloſe
2702 2204 3776 2248 Kritik und Verleumdung. — Alſo — Schlagwortpolitik!
2701 2249 3776 2293 Aber, Herr Miniſter, leſen Sie denn nie das „Neue
2700 2291 3777 2336 Mannheimer Volksblatt“? — und daß Sie nicht unter
2699 2337 3780 2382 verſtiegenem Nationalismus kranken, wiſſen wir. —
2707 2382 3771 2426 Politiſcher Peſſimismus? — Wirklich kein Grund. Auf
2701 2426 3779 2471 den Landtagsausweiſen der 32 Zentrumsabgeordneten
2700 2467 3773 2515 iſt unverwüſtlich eingeprägt: 1929 / 1933. Alſo vor
2703 2512 3776 2560 1933 kein Peſſimismus, bwöht von den 32 ſo unge⸗
2706 2559 3767 2604 fähr 20 Unterröcke anhaben müßten und man chriſtlche
2698 2604 3766 2649 und demokratiſche Hemmungen haben ſollte, weil ja
2696 2649 3773 2693 die Nazis eigentlich ſtatt 6 Abgeordnete 23 in der
2699 2693 3774 2738 Lammſtraße haben müßten. — Und dann noch, Herr
2700 2735 3771 2782 Miniſter — unfruchtbare Kritik! — Herr Miniſter, Sie
2697 2781 3770 2827 ſchäkern. Ich meine als, die Früchtchen einer ſehr be⸗
2696 2826 3773 2871 rechtigten nationalſozialiſtiſchen Kritik machen Ihnen ver⸗
2697 2871 3772 2916 dammt Sorgen. . . . Sie reden, Herr Wittemann, reden
2698 2915 3730 2958 Sie weiter — bis wir Feierabend bieten. hewo.
2693 3015 3765 3064 Verbot, Verbot, und die „Neue Mannheimer Zeitung“
3102 3064 3352 3113 als Schupo.
2784 3116 3768 3163 Am Freitag, den 2. Januar, ſchreibt die RMZ.:
2696 3162 3772 3208 Es liegt Veranlaſſung vor, auf die Bekanntmachung
2696 3206 3767 3252 des Herrn Miniſters des Innern hinzuweiſen, wonach
2693 3250 3769 3297 . . . auch die ſog. Sportmärſche, Marſchübungen und ähn⸗
2691 3296 3769 3342 lichen Veranſtaltungen . . . von politiſchen Verbänden
2693 3339 3766 3391 verboten ſind. . . . Welch ſtaatserhaltendes Blatt, dieſe
2694 3385 3768 3429 NMZ. — Ob das auch für die Zukunft gut ſein wird?
2690 3428 3768 3475 Wir meinen beſcheidenerweiſe, daß es da einmal heißen
2692 3473 3723 3520 wird: mitgefangen, mitgehangen. hewo.
673 3609 1187 3653 (Fortſetzung von Seite 2.)
394 3662 1465 3705 der Staatsmann begann. Dieſem revolutionären Helden⸗
396 3707 1464 3751 leben war der Buchtitel gerecht geworden: „Der Ratten⸗
396 3751 1458 3795 könig iſt eine Geſellſchaft von Ratten, die im Neſt durch
395 3795 1461 3840 eigenen Schmutz und Unrat derart verknüpft und ver⸗
395 3839 1463 3884 filzt ſind, daß ſie nicht mehr auseinander können.“ (Lexi⸗
392 3885 576 3928 konnotiz.)
478 3927 1464 3972 Iſt der „Rattenkönig“, wie es einem innerlich ge⸗
398 3971 1463 4016 ſunden Volke wohl angeſtanden hätte, mit Pech und
394 4016 1464 4060 Schwefel ausgebrannt worden? Mit nichten! Er iſt
401 4062 1242 4106 größer und größer und gefräßiger geworden.
483 4104 1462 4149 Der in der vor jetzt zehn Jahren erſchienenen Bro⸗
400 4149 1465 4194 ſchüre nachgewieſene „Rattenkönig“, der Schmutz und
397 4193 1458 4238 Unrat zwiſchen Volksbetrügern und Politikern, beſchäf⸗
392 4238 1465 4283 tigt uns nur, ſoweit er nun auch das Gebiet überzogen
399 4282 1459 4327 hat, das ſeit altersher für die ganze Welt vorbildlich un⸗
395 4327 1399 4372 antaſtbar geweſen iſt: das Lager der Juſtitia!
488 4370 1462 4415 „Wat, der Georg Sklarz? Hat als junger Mann bei
398 4416 1454 4460 Parvus⸗Helphand angefangen, hat jede Zigarre auf⸗
395 4460 1457 4504 ſchreiben müſſen, die die Diplomaten, Genoſſe Wels . . .
395 4504 1458 4550 ja, wiſſen Sie denn nich, daß der Hermann Müller, der,
394 4549 1462 4594 wo Reichskanzler geworden is, die Steuerſachen von
398 4593 1461 4638 Parvus in der Schweiz reguliert hat? Dann wiſſen Sie
395 4638 1458 4682 auch nichts von den Häuſern, die Parvus dem Scheide⸗
393 4682 1451 4726 mann und dem Dr. Gradnauer vermacht hat?“ Namen,
400 4726 1451 4771 Ziffern, Stiftungen praſſeln aus dem Mund des Alten,
395 4771 1456 4816 die ſich in tage⸗ und nächtelangem Aktenleſen bei ihm
400 4814 1240 4860 feſtgeſetzt hatten und ihn — politiſch machten.
483 4861 1459 4906 In dieſen wenigen Tagen und Nächten hielt ein
397 4903 1461 4949 alter Auktionator Sein oder Nichtſein des im Reich und
392 4947 1457 4993 in Preußen herrſchenden Syſtems in ſeiner Hand: den
396 4993 1283 5037 Tarif der neudeutſchen Redlichkeit.
478 5038 1454 5082 Heute kennen vielleicht nur der Staatsſekretär Dr.
397 5080 1458 5126 Weismann und der ihm naheſtehende Juſtizrat Dr. Wert⸗
394 5125 1458 5171 hauer dieſen Tarif, jenen Schild, gegen den kein Staats⸗
395 5170 1169 5217 anwalt auch nur den Finger heben kann.
1630 3603 2613 3650 Dr. Parvus⸗Helphand. Am 17. Dezember
1540 3648 2613 3696 1924 ſtanden an ſeinem Sarge die Genoſſen Dr. Grad⸗
1538 3693 2615 3737 nauer und Otto Wels und prieſen „die Größe ſeiner
1545 3737 2613 3785 Perſönlichkeit, die Reinheit ſeines Wollens, ihn, der es
1537 3781 2612 3829 verſtanden hat, durch erfolgreiche Maßnahmen zu mate⸗
1536 3826 2606 3872 riellem Wohlſtand zu gelangen, den Keynes von Deutſch⸗
1538 3870 2609 3916 land; wir haben es kennen gelernt, daß er ſeinen Freun⸗
1535 3914 2611 3961 den oft und oft hilfreich zur Seite geſtanden hat, wo es
1536 3959 2611 4005 not tat.“ (Dr. Gradnauer.) Und Otto Wels: „Wir vom
1540 4002 2613 4050 Parteivorſtand der Deutſchen Sozialdemokratie haben
1541 4048 2609 4093 heute den Mann zu beklagen, der uns in ſchlimmen
1536 4092 2613 4137 Stunden nicht nur Berater, ſondern auch helfender Freund
1544 4140 1772 4184 geweſen iſt.“
1624 4181 2613 4226 Ein anderer Genoſſe beklagte den allzufrühen Heim⸗
1537 4226 2606 4272 gang „dieſes Renaiſſancemenſchen, dem das ſybaritiſche
1537 4271 2610 4316 Daſein eines aus dem Vollen ſchöpfenden Genießers
1534 4314 2608 4360 ebenſo vertraut war wie Sibirien, der zu der Überzeugung
1535 4359 2608 4405 kam, daß Geld nötig ſei zur Macht, zur Durchdringung
1536 4404 2610 4450 ſeiner Ideen, und der, ſeine ungeheure Energie einmal
1534 4449 2613 4493 auf das Geldverdienen eingeſtellt, bald darauf in den
1533 4492 2611 4538 Ruf eines Nabobs kam, dem unermeßliche Mittel zur
1541 4539 1919 4583 Verfügung ſtänden.“
1624 4581 2606 4627 Das war im Dezember 1924, der andere Stern,
1542 4627 2609 4671 „Judko Barmat“, hatte die Parvus⸗Genoſſen mit ſeinen
1535 4671 2608 4717 goldenen Strahlen nicht minder ſegnen dürfen, er neigte
1540 4716 2336 4761 ſich damals ſchon — dem Staatsanwalt zu.
1621 4764 2608 4809 Schwanenwerder! Liebliche Inſel im Havelſee, nächſt
1533 4808 2607 4854 dem Grunewald. Dr. Parvus⸗Helphand und Barmat er⸗
1534 4854 2606 4899 koren ſie ſich, erfolgreichſte Nutznießer der demokratiſchen
1538 4898 2608 4944 Politik, um ihre großmächtigen Gönner zu empfangen
1533 4941 2607 4988 und ſie vor den zudringlichen Blicken des hungernden
1534 4990 1941 5032 Volkes zu verbergen.
1617 5035 2605 5081 Kein führender Revolutionär, der nicht am Tiſch des
1539 5079 2603 5126 „ſybaritiſchen Nabobs“ geſeſſen und Wohltaten aus ſeinen
1537 5124 2614 5169 Händen empfangen hätte. Sein Mitarbeiter, Schwieger⸗
1537 5169 2611 5214 ſohn des Miniſterpräſidenten Scheidemann, ſoll erklärt
2694 3597 3766 3644 haben: „Und wenn ſie wirklich die Macht hier
2686 3641 3759 3689 verlieren, ſo ſind ſie materiell in jeder Be⸗
2693 3687 3760 3734 ziehung durch die Maßnahmen von Sklarz
2687 3732 3528 3778 und Parvus im Ausland gedeckt.“
2774 3776 3763 3821 Die von Parvus geſchäftsmäßig auch hierüber ge⸗
2692 3821 3757 3867 ſammelten Dokumente ſowie über ſeine Kriegsſchiebungen
2692 3865 3767 3912 (1915/1917) nach Rußland, die Quelle ſeines Reichtums
2684 3910 3761 3956 und ſeiner Spenderkraft, auch ſie ſind einmal in den
2691 3955 3696 4000 Händen eines alten Berliner Auktionators geweſen.
2773 3998 3762 4044 Der geweſene Kultusminiſter Häniſch, vor⸗
2688 4041 3768 4089 her und nebenher Redakteur an der „Glocke“ (Beſitzer
2686 4087 3760 4133 und Herausgeber Dr. Parvus⸗Helphand), hat jene „manch⸗
2684 4131 3757 4176 mal elementare Natur in Tafel⸗ und Liebesfreuden“
2686 4174 3764 4222 ſeines Herrn geſchildert, die deſſen Charakter „voll
2686 4220 3763 4267 ſchwindelnd machenden, erbarmungsloſen Abgründen“ er⸗
2686 4268 2972 4312 ſcheinen ließen.
2886 4357 3567 4403 Die „Allerchriſtlichen“ in Uniform!
2684 4403 3700 4448 „Um der katholiſchen Jugend ſtärkeren Nachdruck zu
2768 4449 2943 4492 verleih'n,
2681 4492 3719 4537 kleidet ſie der Windhorſtbund jetzt in Uniform ein. —
2682 4536 3759 4584 Werden die Jünglinge ſchwarzen Anzug und ſchwarzen
2767 4579 2917 4626 Kragen
2679 4620 3758 4674 und vielleicht auch ſchwarze Mützen und ſchwarze Hand⸗
2775 4672 3050 4715 ſchuhe tragen?
2686 4714 3748 4762 (In ſchwarze Hemden werden ſie beſtimmt nicht kriechen,
2680 4759 3683 4804 denn das täte ja verteufelt nach Faſchismus riechen).
2680 4803 3684 4850 Oder werden des „allerchriſtlichen Zentrums“ jüngſte
2766 4851 2906 4892 Jünger
2683 4892 3396 4939 ſchwarze Handſchuhe und rote Finger,
2682 4938 3427 4983 ſchwarze Windjacken mit rotem Kragen
2679 4980 3588 5027 und ſchwarze Hoſen mit rotem Boden tragen?
2679 5027 3653 5074 Im Hinblick auf die dicke Freundſchaft für die roten
2764 5072 2912 5114 Brüder
2676 5115 3655 5160 empfehle ich entſchieden ein ſchwarz⸗rotes Gefieder!
3531 5162 3711 5206 Lynkeus.
