4057 5451
249 173 391 216 Seite 8
1615 175 2256 221 Das Hakenkreuz⸗Banner
3420 194 3617 233 Nr. 1/1931
1387 286 2474 446 Parole⸗Ausgabe.
536 493 1015 536 Bezirk Groß⸗Mannheim.
236 539 1271 588 Geſchäftsſtelle Mannheim, P 5, 13 a. Telefon 317 15.
313 587 1061 625 Geſchäftsſtunden von 8—12 und 14—19 Uhr.
310 625 1309 663 Geld⸗ und Einſchreibeſendungen: NSDAP. Mannheim, Hans
352 660 600 695 Feit, P 5, 13 a.
316 690 1311 733 Poſtſcheck⸗Konto: Ernſt Nöltner, Mannheim, Konto Lud⸗
343 732 630 768 wigshafen 18 375.
226 766 1252 817 Bezirks⸗ und Ortsgruppenleiter: Karl Lenz, M. d. R.
314 817 1313 863 Mannheim, Tel. 315 15, oder Heidelberg, Tel. 3727.
307 859 1049 898 Sprechſtunden nach vorheriger Vereinbarung.
238 896 1007 946 Stellvertr. Bezirksleiter: Dr. Otto Orth.
308 946 1203 983 Sprechſtunden Dienstag und Freitag von 14—19 Uhr.
226 984 1033 1038 Stellvertr. Ortsgruppenleiter: Hans Feit.
311 1035 937 1071 Sprechſtunden täglich von 16—18 Uhr.
223 1076 734 1126 Kaſſenverwaltung: Loewe.
309 1124 1139 1160 Sprechſtunden täglich von 10—12 und 16—18 Uhr.
300 1160 1311 1198 Abrechnung für Beiträge der Sektionskaſſiere v. 15.—18. jd. Mts.
229 1204 1071 1249 Organiſation und Propaganda: Trautwein.
308 1249 1137 1285 Sprechſtunden täglich von 10—12 und 16—18 Uhr.
221 1287 695 1338 Betriebszellen⸗Abteilung:
309 1337 1137 1375 Sprechſtunden täglich von 10—12 und 16—18 Uhr.
223 1374 593 1427 Atbeitsvermittlung:
298 1427 939 1464 Sprechſtunden täglich von 16—18 Uhr.
223 1470 1063 1516 Kommunalpolit. Abteilung: Dr. Otto Orth.
296 1516 1211 1553 Sprechſtunden Dienstags und Freitags von 16—18 Uhr.
231 1560 880 1606 Rechtsberatung: Dr. Karl Elleſer.
306 1603 1029 1643 Sprechſtunden Donnerstag von 15—17 Uhr.
231 1649 890 1694 Landtagsfraktion: Prof. H. Kraft.
296 1693 1003 1731 Sprechſtunden Mittwochs von 17—19 Uhr.
1397 495 2215 541 Verlagsleitung: „Das Hankenkreuzbanner“.
1466 536 2464 579 Poſtſcheck⸗Konto: Karl Lenz, M. d. R., Ludwigshafen 6775.
1468 576 2295 615 Sprechſtunden täglich von 10—12 und 16—18 Uhr.
1396 624 1658 669 Schriftleitung:
1471 670 2276 708 Sprechſtunden täglich von 8—10 und 16—19 Uhr.
1396 714 1726 758 Preſſeamt: Haas.
1469 760 2294 797 Sprechſtunden täglich von 12—13 und 14—19 Uhr.
1393 808 1971 852 Buchhandlung: Ernſt Nöltner.
1469 854 2275 890 Sprechſtunden täglich von 9—12 und 14—19 Uhr.
1389 902 1928 947 S. A.⸗Standarte: Pflaumer.
1468 947 2186 983 Sprechſtunden Donnerstags von 16—18 Uhr.
1387 991 1734 1035 S. A. Stuf: Feit.
1467 1036 2089 1072 Sprechſtunden täglich von 16—18 Uhr.
1390 1080 1807 1124 S. A.⸗Kaſſe: Schmidt.
1466 1125 2467 1172 Sprechſtunden täglich von 17—19 Uhr, außer Mittwochs und
1501 1160 1707 1196 Donnerstags.
1391 1205 1816 1249 Hitler⸗Jugend: Kaiſer.
1464 1250 2416 1288 Sprechſtunden Mittwochs und Samstags von 16—18 Uhr.
1388 1293 1690 1337 N. S. D. St. B.:
1463 1338 2190 1376 Sprechſtunden nach vorheriger Vereinbarung.
1388 1382 1632 1426 Schülerbund:
1463 1428 2414 1465 Sprechſtunden Mittwochs und Samstags von 16—18 Uhr.
1386 1471 1981 1517 N. S. D. A. K. (Automobilklub).
1461 1517 2145 1553 Sprechſtunden Mittwochs von 16—18 Uhr.
1387 1560 2152 1605 Deutſcher Frauenorden: Frau Dr. Roth.
1460 1606 2152 1642 Sprechſtunden Samstags von 16—17 Uhr.
1385 1649 2329 1695 Kampfbund für deutſche Kultur: Dr. Ing. Roth.
1460 1694 2141 1730 Sprechſtunden Samstags von 15—16 Uhr.
2547 503 3315 552 Nationalſozialiſtiſche Leſehalle, U 6, 24.
2618 548 3363 590 Geöffnet von 9—12 Uhr und von 14—18 Uhr.
2619 628 3617 673 Beſuche zu anderer Zeit werden grundſätzlich nur in dringend⸗
2548 672 3616 718 ſten Fällen und nur nach vorheriger telefoniſcher Abmachung
2547 708 2718 744 empfangen.
2636 762 3615 813 Die Bezirksleitungen Mannheim und Weiheim ent⸗
2542 807 3620 859 bieten allen Parteigenoſſen zum neuen Jahr die beſten
2546 852 2949 897 Grüße und Wünſche.
2692 901 3568 950 Karl Lenz, M. d. R., Walter Köhler, M. d. L.
2860 1000 3288 1042 Ortsgruppe Weinheim.
2841 1071 3311 1118 Großer deutſcher Abend
2536 1131 3610 1180 am Samstag, den 10. Januar, abends ½ 9 Uhr, in der
2543 1175 2966 1221 Feſthalle Pfälzer Hof.
2631 1229 3602 1279 Alle Mitglieder, Anhänger und Freunde der Partei
2541 1273 3607 1322 ſind herzlich eingeladen. — Gegenſtände für die Ver⸗
2541 1318 3601 1367 loſung wollen bis 10. Januar beim Ortsgruppen⸗Führer
2540 1361 3027 1407 Köhler abgegeben werden.
2695 1451 3440 1499 Verſammlungskalender für den Bezirk:
2531 1513 3482 1562 Januar 5. Feudenheim: Mitgliederverſammlung.
2598 1557 3572 1605 „ 8. Schwetzingen: Redner Pg. Dreher M. d. R.
2601 1602 3597 1651 „ 15. Mannheim: Großdeutſche Kundgebung im
3046 1649 3320 1693 Nibelungenſall.
2600 1690 3397 1738 „ 18. Mannheim: Gruf. Beſprechung.
230 1890 3598 2169 Remmele, Grzeſinski, Gevering
229 2182 3589 2277 ſind offen gegen uns zum Angriff übergegangen.- Das Reichsbanner rüſtet zum Bürgerkrieg.
1381 2300 3590 2463 Man verbietet uns das Braunhemd
1373 2460 3593 2621 Man überwacht unſere Kundgebungen
1373 2615 3592 2780 Man ſprengt unſere Verſammlungen
1381 2781 3595 2940 Wan ſchlägt unſere Anhänger nieder
220 2976 3590 3047 Eine Schikane löſt die andere ab — ein Gewaltſtreich folgt dem anderen. / Man gibt vor, Deutſchland reiten zu
448 3066 3363 3143 wollen — in Wahrheit geht es um nichis anderes, als um den Schutz der eigenen Bonzenſeſſel!
1348 3172 3489 3293 Gebt die Antwort! Schafft Aufklärung!
219 3356 3586 3483 In jedes Haus das „Hakenkreuz⸗Banner!“ Weg mit der Judenpreſſe! Helft mit am Ausbau.
222 3509 3585 3622 Schafft eine Waffe, an der die Angriffe des Gegners zerſchellen müſſen.
1022 3643 2782 3803 Jeder zwei neue Bezieher
733 3824 3069 3908 für das „Hakenkreuz⸗Banner“ iſt die Forderung der nächſten Tage!
213 4252 368 5007 ࿕ „Banner“
372 4401 433 5138 Herausgeber: Karl Lenz, M. d. R.
439 4062 498 5139 Schriftleitung und Verlag: Mannheim, P 5, 13
515 4457 584 5136 Postcheckkonto: ࿕ „Banner Verlag“
588 4301 627 4860 Karl Lenz, M. d. R., Mannheim
631 4071 689 4861 Postcheckamt Ludwigshafen am Rhein Nr. 6775
917 4071 1065 4119 An das
793 4169 1822 4237 Postamt (Zeitungsstelle hier *)
1108 4310 1510 4363 Bestellschein.
915 4391 1403 4429 Ich bestelle hiermit ab Monat
791 4444 1507 4480 die wöchentlich einmal erscheinende Zeitung
982 4497 1670 4593 „Das ࿕ Banner“
877 4594 1746 4631 Die Zeitung der Nationalsozialisten der Bezirke
1018 4646 1592 4692 Mannheim - Weinheim
931 4726 1826 4763 Das Bezugsgeld von monatlich 90 Pfg. zuzüglich Post-
794 4770 1825 4807 zustellgebũhr (6 Pfg.) bitte ich durch den Postboten bei mir
793 4816 1302 4853 regelmäßig einziehen zu lassen.
790 4886 1225 4920 Bitte deutlich schreiben:
787 4962 912 5005 Name:
789 5027 948 5076 Wohnort:
1379 5033 1506 5076 Straße:
792 5104 1573 5138 *) Darf nur am Wohnort des Bestellers eingeworfen werden.
1963 4247 2103 4997 ࿕ „Banner“
2112 4402 2165 5130 Herausgeber: Karl Lenz, M. d. R.
2172 4066 2230 5132 Schriftleitung und Verlag: Mannheim, P 5, 13 a
2249 4454 2311 5133 Postcheckkonto: ࿕ „Banner Verlag“
2307 4312 2365 4856 Karl Lenz, M. d. R., Mannheim
2367 4069 2422 4860 Postcheckamt Ludwigshafen am Rhein Nr. 6775
2648 4068 2811 4119 An das
2527 4172 3553 4243 Postamt (Zeitungsstelle hier *)
2825 4308 3253 4379 Bestellschein
2643 4392 3127 4427 Ich bestelle hiermit ab Monat
2522 4444 3234 4480 die wöchentlich einmal erscheinende Zeitung
2712 4501 3385 4586 „Das ࿕ Banner“
2608 4593 3465 4629 Die Zeitung der Nationalsozialisten der Bezirke
2741 4646 3336 4694 Mannheim-Weinheim
2662 4726 3554 4761 Das Bezugsgeld von monatlich 90 Pfg. zuzüglich Post-
2522 4769 3553 4805 zustellgebühr (6 Pfg.) bitte ich durch den Postboten bei mir
2521 4814 3029 4849 regelmäßig einziehen zu lassen.
2520 4884 2953 4916 Bitte deutlich schreiben:
2511 4955 2642 5002 Name:
2509 5027 2672 5078 Wohnort:
3108 5029 3228 5074 Straße:
2518 5103 3296 5132 *) Darf nur am Wohnort des Bestellers eingeworfen werden.
