4052 5436
241 323 392 369 Seite 6
1604 292 2241 343 Das Hakenkreuz⸗Banner
3408 268 3610 309 Nr. 3/1931
353 420 1196 496 Dem unbekannten Soldaten
567 504 980 577 der Republik.
328 594 1324 652 Mimikry war ſchon immer die typiſch jüdiſche Ver⸗
241 637 1317 700 anlagung: nachmachen, mitunter erſtaunlich gut nach⸗
238 683 1310 744 machen. Das können ſie, wie die intelligenten Affen.
242 728 1310 785 Darin allein ſind ſie groß. — Soll man ſich wundern,
243 774 1129 833 daß ihre Prätorianer ihnen ähnlich werden?
330 818 1321 877 Die neueſte Glanznummer und Attraktion des
241 860 1319 922 Reichsbanner iſt der „Unbekannte Soldat der Republik“.
242 906 1324 965 Mit dem „unbekannten Soldaten der Republik“ will
241 952 1326 1009 man Stimmung machen, Tränendrüſen entwäſſern, letzten
238 1008 750 1053 Endes das Syſtem retten.
331 1040 1321 1095 Soldaten — ſie ſollen doch lieber ſagen „der unbe⸗
241 1083 1316 1141 kannte Soldatenrat der Republik“. Das wäre geſchicht⸗
241 1127 1315 1189 lich und beinahe traditionell. So aber iſt das nach⸗
245 1172 1319 1235 gemacht dem unbekannten Soldaten unterm Pariſer Tri⸗
242 1216 1325 1278 umphbogen, nachgemacht dem unbekannten S. A. Mann
243 1262 1327 1321 den ſie ſelber dutzendweiſe totprügeln. Der Werbeleiter
242 1306 1324 1362 und Reklamechef der Hörſinggarde hat ſich des Plagiats
243 1350 1326 1412 ſchuldig gemacht. So ſchamlos kann nur die Sozial⸗
244 1395 1322 1452 demonkratie ſein: Erſt werden, gerichtlich nachgewieſen,
245 1441 1325 1499 Dutzende unſerer S. A. Kameraden heimtückiſch von
252 1482 1320 1544 Marxiſten ermordet — die Journaille ſchweigt, obwohl
254 1526 1320 1589 ſie es weiß. Jetzt fällt ein Reichsbannermann, ungeklärt,
247 1574 1329 1631 wer die Schuld trägt — es wird ſein, wie es immer
255 1617 1321 1679 iſt: ſozialdemokratiſcher Terror. S. A. Leute, blutig nie⸗
249 1662 1329 1722 dergeſchlagen, greifen in letzter Verzweiflung zur Not⸗
247 1706 1330 1767 wehr, um nicht von den Stiefelabſätzen dieſes aufgehetzten
252 1750 1332 1809 Untermenſchentums zu Tode getrampelt zu werden. Dann
249 1795 1336 1852 kommt dieſe aufgelegte Preſſemache und ſchreit mit
254 1845 992 1900 Schlagzeilen: Mord! Mord! ins Land.
339 1881 1334 1942 Die Herren von der SPD. brauchen das, weil
252 1931 1325 1988 die Sympathien zu flau werden. Und ohne Reſonnanz⸗
248 1974 1334 2031 boden der Straßendemonſtration wird der beſte Miniſter⸗
254 2018 1330 2080 ſeſſel brüchig. Für den Marxismus und die Welt⸗
255 2062 1330 2121 revolution geht keiner mehr auf die Straße. Man
253 2107 1331 2168 muß es anders verſuchen und glaubt den pſycho⸗
259 2154 1335 2213 logiſch richtigen Schachzug getan zu haben, wenn
253 2195 1338 2257 man die berechtigte Ablehnung des Einzelnen, Mord
256 2239 1329 2299 und Terror gegenüber, politiſch ausbeutet. Wenn ſich
255 2283 1337 2343 die intellektuellen Drahtzieher ja nicht täuſchen. So
256 2329 1335 2389 treiben ſie zur Abwechſlung Seelenmaſſage vom „Vor⸗
260 2373 1340 2435 wärts“ bis zum „L'ami du peuple“ und vom Viktor
257 2417 1335 2479 Schiff bis zum Haarpuder. Reichsbanner in Abwehr⸗
259 2457 1337 2524 front! — Von wegen Judenſchutztruppe, Geldſackprä⸗
266 2505 1333 2567 torianer, Bürgerkriegsprovokateure — das iſt die Rolle,
268 2551 1340 2612 welche die wahren Weichenſteller der Politik dem Skla⸗
269 2596 1344 2655 rek⸗Banner zugedacht haben. Wir Nationalſozialiſten
269 2639 1335 2700 wollen keinen Bürgerkrieg, und wir brauchen ihn nicht.
269 2679 1340 2744 Der Rationalſozialismus gewinnt die politiſche Partie
269 2729 1338 2793 ſo oder ſo. Blut und Stimmung braucht der Jude, ſeine
271 2770 1338 2837 Schutztruppe und die SPD. und da könnte es gefährlich
270 2817 1340 2879 ſein, wenn man zu viel und zu oft die Friedenstauben
269 2859 1338 2923 flattern läßt. Die Roten haben ihren Brotherren zu
271 2903 1342 2972 viel von Genf geredet, es muß umgeſtellt werden auf die
270 2948 1341 3014 terroriſtiſche Blutlinie der Vorkriegsjahre. Juda will
269 3007 639 3057 es und alle warten.
356 3035 1343 3100 Es mögen einige Tauſend in Berlin für ihren toten
274 3082 1345 3146 Reichsbannerkameraden demonſtriert haben. Der Rück⸗
274 3125 1342 3194 ſchluß, dieſe Bereitwilligkeit auch politiſch anzunehmen,
276 3173 1281 3237 wird der SPD. eine eiskalte Ernüchterung bringen.
362 3219 1344 3274 Die Wirklichkeit iſt viel realier, als die Extaſe von
275 3267 1160 3325 Hörſing und ſeinen unmittelbaren Trabanten.
364 3304 1349 3366 Keiner der Millionen glaubt mehr an das, was
276 3350 1343 3414 ihnen vor 5 Jahren Evangelium war. Man hat den
282 3398 1351 3456 Arbeiter zu oft und zu dick angelogen. Er hat zwar
276 3440 1355 3504 noch das SPD. Monogramm in ſeiner politiſchen Weſte
269 3485 1352 3549 eingeſticht, aber das nur von wegen Gewerkſchaft, Be⸗
275 3532 1354 3589 triebsterror, uſw. — Vertrauen und Hingabe — daran
278 3588 643 3638 denkt keiner mehr.
373 3617 1348 3680 Herr Hörſing, wenn Sie ſich nur nicht täuſchen!
278 3664 1356 3726 Dir gilt mein letzter Blick, hoch deutſche Republik!
277 3707 1359 3770 Schöne Worte, wunderſchön. Aber wenn es ernſt wird?
368 3755 1361 3813 Was iſt euch Hörſing, die Republik, was kümmern
275 3798 1359 3860 euch die Juden? Sind das Dinge, die wert wärxen. das
273 3856 697 3906 Leben zu laſſen? —
1475 394 2465 450 Dann aber zieht den Strich durch bis zum Rand:
1395 434 2458 499 Heraus aus der Organiſation der Kapitaliſtenknechte.
1396 481 2466 543 Hinein ins Arbeiterheer der Nationalſozialiſtiſchen S. A.!
1556 659 2287 737 Wer und wie ſie hetzen.
1478 751 2472 807 Wir erhalten eine Zuſchrift der Deutſchen Friedens⸗
1398 797 2469 857 geſellſchaft vom 3. Dezember, die eine Einladung zu
1400 839 2466 897 der antifaſchiſtiſchen Kundgebung, welche am 13. De⸗
1400 894 1878 945 zember ſtattfand, enthält.
1482 938 2480 995 Im letzten Abſatz des Schreibens fteht zu leſen:
1396 981 2475 1041 Spenden erbitten wir — an Herrn Rechtsanwalt Karl
1394 1025 2406 1086 Oppenheimer, Mannheim, Roſengartenſtr. 3 III. St.
1907 1085 2136 1129 Unterſchrift:
1595 1124 2463 1181 Südd. Sekretariat der Friedens⸗Geſellſchaft.
1487 1193 2466 1250 Ein weiteres Rundſchreiben, das die Unterſchrift
1394 1238 2476 1297 des SPD. Stadtrates Trumpfheller trägt, wendet
1398 1283 2474 1343 ſich an die Kollegen“ vom Verkehrsbund und überweiſt
1398 1327 2468 1387 ihnen unentgeltlich 8 Karten zu der bekannten Hetz⸗
1395 1389 1650 1431 verſammlung.
1486 1419 2478 1483 Alſo: Beim Juden geben die Juden ihr Geld. Mit
1405 1469 2473 1530 dieſen hebräiſchen Silberlingen, gemanegert durch Sozial⸗
1399 1511 2468 1573 demokraten, werden die Proleten in eine Hetzverſamm⸗
1400 1558 2477 1619 lung geführt, in der ein Ausländer über Deutſchland
1399 1620 1564 1666 ſchimpft.
1494 1648 2472 1702 Wir vermerken dies der Ordnung halber: Juden,
1407 1690 2472 1751 Ausländer und ſozialdemokratiſche Stadträte auch in
1403 1746 1947 1800 Mannheim in Einheitsfront.
1550 1906 2334 1988 Verbot! Verbot! Verbot!
1559 1996 2476 2045 „Da floh ich rückwärts, heimwärts — und immer eilen⸗
1626 2031 2482 2080 der: ſo kam ich zu Euch, ihr Gegenwärtigen, und ins
1623 2077 1933 2116 Land der Bildung.
1551 2099 2481 2152 Aber wie geſchah mir? — So angſt mir auch ward —
1622 2136 2484 2187 ich mußte lachen. Nie ſah mein Auge etwas ſo
1623 2182 1921 2223 buntbeſprengeltes!
1554 2204 2488 2259 Ich lachte und lachte, während der Fuß mir noch zitterte
1626 2243 2482 2290 und das Herz dazu. „Hier iſt ja die Heimat der
1628 2288 2008 2327 Farbentöpfe“ ſagte ich.
1556 2315 2485 2365 Mit fünfzig Klexen bemalt an Geſicht und Gliedern:
1628 2351 2486 2401 ſo ſaßet Ihr da zu meinem Staunen, Ihr Gegen⸗
1625 2400 1785 2435 wärtigen.
1554 2420 2485 2471 Und mit fünfzig Spiegeln um Euch, die Eurem Far⸗
1628 2462 2269 2506 benſpiele ſchmeichelten und nachredeten.
1560 2494 2480 2545 Wahrlich, Ihr könnt gar keine beſſere Maske tragen,
1628 2530 2320 2580 Ihr Gegenwärtigen, als Euer Geſicht iſt!“
2304 2568 2454 2613 Nietzſche.
1502 2632 2482 2695 Ihr ſeid mir die Rechten, der Jugend zu verbieten,
1418 2693 1903 2741 daß ſie die Freiheit liebt.
1508 2722 2485 2783 Das junge Blut hat gerade darauf gewartet, daß Ihr
1416 2771 2376 2831 es ſeid, die ſich auf Verfaſſung und Geſetz berufen.
1509 2812 2492 2872 Ihr ſeid ja ſelber außer Verfaſſung geraten, ſeit Ihr
1418 2858 2492 2917 ein anderes Evangelium predigt, als Ihr ſelber halten
1420 2921 1541 2966 könnt.
1509 2947 2487 3007 Jugend glaubt, und Ihr wollt ſie zu Heloten machen.
1420 2993 2487 3053 Jugend lacht und weint, indeſſen Ihr das Lachen nie ge⸗
1420 3042 2140 3095 kannt und das Weinen verlernt habt.
1508 3082 2493 3139 Eure Geſichter und Eure Seelen ſind zu ſteinernen
1421 3125 2498 3185 Masken geworden. Wir erſtarren nicht davor, ſondern
1425 3187 1627 3229 wir lachen.
1513 3216 2499 3272 Die Weichenſteller des Lebens haben je und immer
1423 3256 2494 3317 vom Blute aus die Züge der Menſchen gelenkt, und Ihr
1423 3302 2499 3364 wollt gegen den beſten Teil der Nation den Krieg führen
1419 3357 2071 3407 — mit Papier und Paragraphen.
1509 3388 2499 3449 Die Verbotstafeln auf den öffentlichen Plätzen ſind
1425 3448 1971 3499 zum Geſpött aller geworden.
1515 3489 2499 3548 Eure Verbotstafeln ſtehen nicht vor Kieswegen und
1432 3552 1743 3595 Backſteinmauern.
1514 3588 2500 3647 So ſeht Euch vor, daß unſer junges Blut nicht Eure
1429 3634 2437 3693 Tafeln und Euch ſelber der Lächerlichkeit überliefert.
1512 3685 2504 3743 Wenn Eure Adern ſchon verkalkt ſind, dann beſchließt
1427 3730 2500 3790 den Herbſt Eures Lebens an der Riviera und nützt die
1428 3775 2505 3835 Errungenſchaften Eurer Revolte an der Pflege Eurer
1428 3836 1583 3880 Mägen.
2627 374 3608 434 Die Jugend ſchreitet vorwärts, aber Euer gebrech⸗
2536 423 3439 480 liches Humpeln hindert Euch Schritt zu halten.
2628 463 3614 520 Da wo wir ſteh'n, weht ein Wind, den Ihr nicht er⸗
2543 524 2799 569 tragen könnt.
2628 548 3615 611 Während die politiſchen Huſtenreigen Eure Gazetten
2537 597 3611 658 erſchüttern, indeſſen gehen wir einen Weg, der jenſeits
2546 642 3541 703 liegt von Eurer Vernunft und Eurer Futterkrippe.
2635 681 3617 744 Ihr ſeid ſchlechte Schauſpieler und Eure ſchwache
2547 729 3614 790 Kunſt kann uns nicht verführen. Wir haben noch nicht
2544 776 3511 833 einmal Mitleid mit Eurem politiſchen Geſtammel.
2631 821 3613 877 Wir ſehen Euch ſterben und ſind bereit, Euch die ge⸗
2539 873 3123 924 bührende Beerdigung zu geben.
2632 908 3619 965 Der Blähhals iſt eine Krankheit, und wenn ein
2544 952 3612 1011 Dutzend Blähhälſe: Verbot! Verbot! Verbot! gröhlen.
2544 1010 2921 1054 — dann lachen wir.
2633 1040 3622 1099 Wir ſind der Vogel Phönix, der ſich aus der Aſche
2549 1086 3615 1146 hinaufhebt über grüne Wieſen und blankes Meer zum
2544 1145 2849 1190 blauen Himmel.
2632 1170 3627 1232 In einem Vierteljahrhundert werden Eure Namen
2546 1219 3620 1278 in den Geſchichtsbüchern vergilbt ſein. Zur Faſchings⸗
2551 1263 3623 1324 zeit und in Bierzeitungen erzählen wir unſeren Kindern
2549 1315 3226 1367 Eure Taten als politiſche Kurioſas.
2642 1347 3617 1408 Vielleicht ſind unſere Enkel milder als wir es ſein
2544 1411 2928 1457 dürfen und können.
2641 1441 3630 1498 Wenn Eure Taten einmal geſchichtliche Reminiscenſen
2549 1486 3631 1548 geworden ſind, dann ſpricht die kommende Generation
2558 1530 3627 1590 „Herr vergib ihnen — denn ſie wußten nicht, was ſie
2551 1592 2674 1633 taten.“
2802 1685 3369 1767 Badiſcher Landtag.
2903 1790 3277 1842 Förmliche Anfrage.
2596 1849 3589 1911 Überſchreitung der Amtsgewalt durch Polizeibeamte.
2642 1906 3625 1969 Bekanntlich ſind die beiden Prügelpoliziſten Furrer
2560 1956 3626 2015 und Kimmig anläßlich der Vorgänge der Hölz⸗Verſamm⸗
2554 2003 3631 2063 lung in Karlsruhe zu lächerlich geringen Strafen ver⸗
2560 2043 3626 2106 urteilt worden. Ihr Mannheimer Kollege Mackert hat
2564 2088 3631 2152 wegen fahrläſſiger Körperverletzung im Amt, Bedrohung
2558 2133 3639 2195 mit der Dienſtwaffe und Hausfriedensbruches eine Geld⸗
2559 2178 3627 2241 ſtrafe von 25 ℛℳ erhalten, während Nationalſozialiften
2559 2222 3637 2284 bei den geringſten Vergehen mit ſchweren Gefängnis⸗
2565 2267 3628 2330 ſtrafen belegt werden. Die Strafen für die ſchuldigen
2565 2310 3636 2375 Polizeibeamten ſind derartig niedrig, daß für ſolche Leute
2558 2357 3639 2418 abſolut keine Veranlaſſung vorliegt, in Zukunft vor
2560 2395 3638 2460 neuen Gewalttaten zurückzuſchrecken. In der Offentlich⸗
2560 2446 3639 2505 keit wird aber noch das Gerücht verbreitet, als ob gegen
2563 2487 3637 2551 Furrer, Kimmig und Mackert nicht einmal ein Dis⸗
2562 2532 3642 2598 ziplinarverfahren eingeleitet würde. Ferner ſoll der Juſtiz⸗
2559 2576 3637 2641 miniſter Remmele entgegen dem Antrag des Begnadi⸗
2572 2622 3646 2688 gungsreferenten ſowohl Strafe wie Koſten in den Fällen
2560 2667 3520 2730 Furrer und Kimmig gnadenweiſe erlaſſen haben.
2656 2724 3081 2772 Wir fragen daher an:
2654 2761 3347 2815 1. Sind dieſe Behauptungen richtig?
2653 2800 3643 2863 2. Iſt der Juſtizminiſter bereit, Auskunft darüber
2716 2844 3637 2906 zu geben, in welchen Fällen ſonſt noch Strafe
2707 2893 3395 2947 und Koſten erlaſſen worden ſind?
2660 2954 3391 3013 Karlsruhe, den 9. Dezember 1930.
2620 3016 3582 3075 Marſchall von Bieberſtein Köhler Kraft
2903 3068 3306 3112 Merk Roth Wagner
2565 3158 3265 3230 RAHEL HOFFMANN
2566 3226 3261 3284 GEPR. LABANLEHRERIN
2572 3294 3654 3380 GYMNASTIK-LAIENTANZ
2575 3374 3643 3432 Kurse für Erwachsene u. Kinder, Abendkurse für Berufstätige
2872 3446 3351 3492 Eintritt jederzeit
2571 3494 3650 3552 Mollstr. 9 / Telefon 338 23 / Unterrichtsraum: L 4, 4, Beethovensaal
2577 3585 3099 3668 Deutſche Jungen!
2825 3685 3546 3748 Hinein in die Hitler⸗Jugend, dem
2818 3750 3645 3830 Kampfbund des jungen Deutſchland!
430 3998 1234 4079 Plänkſchter Gailsgewieher!
403 4089 1241 4156 Achtung! Maul⸗ und Klauenſeuche! Oha!
375 4164 1364 4222 Am vergangenen Samstag gab ein hieſiger Bürger
285 4207 1368 4269 durch die hieſige Zeitung die Verſteigerung ſeiner Grund⸗
288 4253 1368 4314 ſtücke bekannt. Am Telefon wurde beſagtem Bürger
285 4296 1366 4358 eröffnet, daß die angeſetzte Verſteigerung nicht ſtatt⸗
290 4340 1368 4404 finden könne wegen der Maul⸗ und Klauenſeuche. Der
292 4387 1371 4446 Viehſtand einiger hieſiger Landwirte iſt ſeit einigen
290 4430 1372 4491 Wochen von dieſer Seuche heimgeſucht, und ein Hüter
289 4473 1366 4535 des Geſetzes jagt ſchon etliche Zeit (meiſtens erfolglos)
289 4519 1370 4582 auf Gänſe, Hühner, Hunde, Katzen und anderes unſchul⸗
295 4563 1373 4628 digen Viehzeug. Wegen Maul⸗ und Klauenſeuche wird
291 4610 1376 4668 man ſich evtl. vorbereiten müſſen auf Schließung von:
295 4654 1376 4714 Kirche, Schule, ſämtlicher Geſchäfte, Schmieden (beliebter
289 4697 1370 4757 Winteraufenthalt der Landwirte) und nicht zuletzt dem
288 4740 1372 4804 Rathaus, um die Seuchen nicht in dieſe heiligen Hallen
292 4805 533 4848 zu ſchleppen.
383 4834 1208 4889 U. a. wurde folgender Antrag eingebracht:
382 4876 1376 4932 Die nationalſozialiſtiſche Rathausfraktion bittet den
294 4921 1374 4981 verehrl. Gemeinderat, die Gehaltsbezüge der Gemeinde⸗
296 4971 1146 5026 beamten ab 1. 1. 1931 folgend zu regeln:
411 5010 1376 5073 Gehalt Abzug Gehalt Abzug
298 5053 1374 5115 über ℛℳ 6000. — 30 % über ℛℳ 3000. — 10 %
301 5098 1374 5158 über ℛℳ 5000. — 20 % über  ℛℳ 2000. — 5 %
296 5157 810 5204 über ℛℳ 4000. — 15 %
392 5181 1376 5246 Gerade die Gemeindebeamten kennen die troſtloſe
301 5231 1373 5294 finanzielle Lage, ſowie die Nöte der Einwohner hieſiger
1433 3945 2508 4002 Gemeinde und ſollten ſich dieſem Anſinnen nicht ver⸗
1436 3990 2518 4050 ſchließen, umſomehr als die Beamten zahlreicher anderer
1433 4030 2512 4092 Städte und Gemeinden in dieſer Beziehung bereits mit
1442 4084 2123 4139 gutem Beiſpiel vorangegangen ſind.
1521 4133 2450 4191 Die Antwort der Gemeindebehörde war folgende:
1523 4181 2515 4242 „Es entzieht ſich der Zuſtändigkeit des Gemeinde⸗
1437 4229 2514 4288 rats, die Gehalte in der beantragten Weiſe herabzuſetzen.
1436 4273 2512 4332 Es darf aber geſagt ſein, daß ſich die Beamten, der bis
1438 4319 2507 4379 jetzt ergangenen und noch folgenden Gehaltskürzung,
1436 4363 2513 4423 ſoweit dies reichsgeſetzlich oder landesrechtlich zuläſſig iſt,
1439 4406 2511 4466 unterſtellen. Es verdient auch beachtet zu werden, daß
1447 4450 2518 4511 die Gemeinde Plankſtadt einen geringeren Perſonalſtand
1441 4497 2520 4554 als vor dem Krieg hat, obgleich das Arbeitspenſum um
1439 4539 2516 4599 ein vielfaches ſich geſteigert hat. Sodann erfolgt die
1440 4585 2520 4645 Beſoldung der Verwaltungsbeamten durchweg eine
1443 4630 2517 4688 Gruppe niedriger als wie dies in den ſonſtigen
1441 4674 2516 4734 Bezirksgemeinden der Fall iſt, ſodaß auch hier für den
1442 4717 2518 4779 einzelnen Beamten eine Benachteiligung gegeben iſt. Nur
1443 4764 2516 4824 Vergleichsweiſe ſoll geſagt ſein, daß die Gehaltsſtaffelung
1443 4808 2521 4866 der oberen Beamten für hier 2800 bis 4200 ℛℳ beträgt,
1437 4850 2524 4913 während in anderen Gemeinden ſolche bis zu 5000 ℛℳ
1446 4896 2524 4960 geht. Aus dieſen Gründen und den ſonſt gegebenen Tat⸗
1445 4940 2524 5003 ſachen, wovon die Beamten im Einzelfall betroffen, wäre
1443 4987 2521 5046 es unbillig, wollte man hier eine Gehaltsſchmälerung
1444 5032 2523 5094 fabn. die anderwärts die Beamten nicht zu erwarten
1450 5091 1665 5138 haben.“ —
1537 5119 2522 5178 Aufgrund des kommunalpolitiſchen Programms der
1444 5161 2524 5226 NSDAP. und eingedenk der Worte in dieſem Pro⸗
1447 5206 2528 5270 gramm: für Gerechtigkeit, Sauberkeit und Ordnung im
2582 3922 3659 3982 Gemeindeparlament — werden wir mit allernächſtem
2582 3970 3465 4024 den Antrag auf Gehaltserhöhung einbringen.
2670 4009 3658 4067 Wir bitten heute ſchon die Arbeitsloſen⸗ und Kriſen⸗
2583 4054 3658 4115 unterſtützungsempfänger, das in der „Froſchgaſſe“ in
2580 4098 3657 4160 Schwetzingen erhaltene Almoſen in „Bar ohne jeden
2582 4143 3665 4205 Abzug“ bei der hieſigen Gemeindekaſſe einzuzahlen, zur
2581 4187 3665 4249 Unterſtützung der notleidenden Gemeinde⸗
2586 4252 2810 4291 beamten.
2738 4288 3496 4343 Dreher⸗Verſammlung in Schwetzingen.
2670 4338 3660 4395 Unſere Dreher⸗Verſammlung am 8. Januar war eine
2586 4381 3666 4443 Maſſenkundgebung im wahrſten Sinne des Wortes. Um
2587 4425 3657 4488 ½ 8 Uhr war der größte Saal von Schwetzingen voll,
2584 4470 3659 4534 um 8 Uhr war kein Platz mehr zu bekommen, ſodaß
2585 4514 3667 4575 viele wieder umkehren mußten. Dreher verſtand es glän⸗
2589 4557 3665 4623 zend, unſeren nationalſozialiſtiſchen Standpunnkt, daß auf
2584 4603 3662 4665 der Welt kein Platz für pazifiſtiſche Völker iſt, und daß
2585 4648 3665 4712 ſie alle den ewigen Geſetzen des Kampfes unterworfen
2590 4694 3666 4757 ſind, in die Herzen unſerer Volksgenoſſen einzuhämmern.
2591 4738 3664 4799 Die Kommune mußte mal wieder angeſichts der national⸗
2589 4782 3668 4847 ſozialiſtiſchen Maſſen erkennen, daß ſie zu einer Spren⸗
2587 4824 3670 4891 gung der Verſammlung zu ſchwach erſchienen war. Die
2587 4871 3673 4933 Kundgebung, die mit dem Deutſchlandlied ſchloß, gab
2587 4914 3670 4979 allen Beſuchern die Erkenntnis, daß der Zuſammenbruch
2588 4958 3666 5023 des heutigen Syſtems näher bevorſteht, als wir wohl
2591 5006 3667 5067 alle glauben. An uns aber liegt es, dafür zu ſorgen,
2590 5049 3672 5112 daß das Schickſal, wenn es uns den Weg freigibt, eine
2595 5092 3674 5155 Kampfgemeinſchaft findet, die in der Lage iſt, unſere
2594 5139 3667 5201 Parole „Freiheit und Brot“ zur Tatſache werden zu
2602 5181 3638 5246 laſſen. H.
