4014 5494
371 208 580 255 Nr. 1/1931
1738 185 2389 232 Das Hakenkreuz⸗Banner
3599 174 3738 221 Seite 5
883 346 3241 567 Der politiſche Wetterwinkel.
587 630 1216 726 Die Totengräber.
466 738 1441 792 Die ſozialdemokratiſche Reichstagsfraktion für Kran⸗
377 783 1438 837 kenſteuer, Arzneiſteuer, Bürgerſteuer, Gemeindebierſteuer,
378 827 1438 880 Gemeindegetränkeſteuer, Notopfer und Ledigenſteuer und
376 872 1441 927 gegen Winterbeihilfe für die Hungernden und Frierenden.
466 917 1437 971 NSPD. Am 6. Dezember fand im Reichstag die
379 957 1440 1015 Abſtimmung über die Tributnotverordnungen vom 26. Juli
378 1006 1437 1055 1930 und vom 1. Dezember 1930 und über dazu ein⸗
379 1052 1309 1104 gebrachte kommuniſtiſche Änderungsanträge ſtatt.
467 1096 1437 1144 Die Notverordnungen ſind Tributnotverordnungen:
378 1134 1438 1192 ſie ſind erlaſſen worden, um das Reich auf weite Sicht
377 1182 1438 1235 tributleiſtungsfähig zu geſtalten. Sie ſind beſtimmt, jähr⸗
378 1227 1439 1280 lich viele hundert Millionen Reichsmark mehr als bisher
378 1274 1438 1323 aus dem deutſchen Wirtſchaftskörper herauszupreſſen, um
378 1317 1437 1369 damit fortgeſetzt die Reichshaushaltslöcher zu ſtopfen,
378 1362 1437 1415 die ſich in immer größeren Ausmaßen aus der Tribut⸗
377 1405 1438 1458 wahnſinnspolitik und aus der innerwirtſchaftlichen Un⸗
378 1452 1310 1503 fähigkeit der Leute des heutigen Syſtems ergeben.
465 1495 1445 1543 Wir Nationalſozialiſten ſind unerbittliche Gegner der
376 1540 1448 1590 Tributwahnſinnspolitik. Daraus ergibt ſich, daß wir
378 1585 1438 1637 gegen alle Maßnahmen ſtimmen, die beſtimmt oder ge⸗
377 1627 1437 1681 eignet ſind, dieſer Tributwahnſinnspolitik zu dienen.
376 1673 1437 1723 Stehen ſolche Maßnahmen im Reichstag zur Beratung,
377 1718 1439 1770 ſo gibt es für uns nur ſchärfſte Ablehnung oder, wie bei
377 1765 1439 1812 den verfaſſungswidrig diktierten Notverordnungen, nur
377 1807 1444 1857 Anträge auf Außerkraftſetzung. Wir haben bereits im
377 1852 1444 1902 Haushaltausſchuß bei der Behandlung der Tributnotver⸗
379 1893 1439 1946 ordnung vom 26. Juli 1930 erklärt, daß wir nicht daran
375 1941 1444 1990 denken, Änderungsanträge einzubringen und dadurch etwa
378 1985 1438 2036 der Regierung Winke zu geben, die Erbitterung, die dieſe
377 2028 1438 2079 Notverordnung in der Bevölkerung hervorgerufen hat
374 2074 1447 2122 und die weitere Millionen von Volksgenoſſen in Front
378 2119 1440 2169 gegen dieſes Tributwahnſinnsſyſtem gebracht hat, abzu⸗
377 2170 556 2213 ſchwächen.
463 2213 1448 2260 Die Kommuniſten brachten einen Antrag ein, der
377 2256 1438 2306 verlangte, die Tributleiſtungsfähigkeit des Reiches durch
371 2304 1101 2350 die folgenden Maßnahmen zu ſichern:
375 2354 1442 2403 1. Die Höchſtgrenze für alle Gehälter und Einkommen
429 2396 1447 2443 von Beamten und Angeſtellten der Behörden und
430 2441 1438 2491 öffentlichen Einrichtungen beträgt jährlich 8000 ℛℳ,
431 2488 1327 2534 die Höchſtgrenze für alle Penſionen 6000 ℛℳ.
378 2528 1445 2578 2. Alle Vermögen über 500 000 ℛℳ werden einer ein⸗
430 2574 1253 2625 maligen Steuer von 20 v. H. unterworfen.
374 2616 1438 2666 3. Alle Dividenden und ſonſtigen ausgeſchütteten Ge⸗
425 2661 1446 2711 winne bei gewerblichen Unternehmungen werden einer
424 2707 1257 2753 Steuer in Höhe von 20 v. H. unterworfen.
376 2749 1441 2799 4. Alle Aufſichtsrats⸗Tantiemen und ähnliche Vergütungen
429 2793 1438 2843 unterliegen einer Sonderſteuer in Höhe von 20 v. H.
374 2838 1447 2887 5. Alle Einkommen über 50 000 ℛℳ werden mit einer
431 2880 1215 2932 Sonderſteuer von 20 v. H. jährlich belegt.
468 2937 1444 2986 Unſere oben dargeſtellte Einſtellung zur Tributnot⸗
375 2981 1439 3030 verordnung gebot uns, dieſe zur Tributnotverordnung ge⸗
376 3025 1439 3076 ſtellten Anträge — ohne Rüchkſicht darauf, wie wir zu
373 3068 1449 3121 einzelnen der vorgeſchlagenen Maßnahmen an ſich ſtehen
376 3114 1444 3165 — abzulehnen. Für dieſe Anträge haben nur die Kom⸗
377 3159 1438 3209 muniſten und die Sozialdemokraten geſtimmt, die glauben,
377 3204 1445 3254 ſich dadurch ein gutes Propagandamaterial geſchaffen
377 3247 1438 3298 zu haben. Der „Vorwärts“, das Zentralorgan der SPD.,
370 3292 1438 3343 bringt in Nr. 577 vom 10. Dezember 1930 die Tatſache,
378 3337 1438 3387 daß die Nationalſozialiſten gegen die bezeichneten Anträge
371 3382 1454 3431 zur Sicherung der Fortſetzung des Tributwahnſinns ge⸗
376 3428 1171 3475 ſtimmt haben, unter der fetten Überſchrift:
594 3490 1222 3537 „107 Nazis ſchützen das Kapital!
510 3541 1439 3590 Sie verſuchen, durch dieſes Schlagwort ihre Wäh⸗
418 3587 1448 3634 ler von der Wirklichkeit abzulenken, die wir in den
422 3633 1058 3680 folgenden Satz zu kleiden haben:
467 3675 1446 3724 „Sozialdemokraten und Kommuniſten ſchützen die
466 3721 1445 3768 Intereſſen der Tributgläubiger und der internatio⸗
461 3765 1449 3811 nalen Großfinanzhyänen, und Nationalſozialiſten
465 3809 1443 3857 ſchützen die deutſche Produktion und die darin
465 3854 1159 3901 ſtehenden ſchaffenden Belegſchaften!“
462 3906 1445 3952 Um nichts anderes als um dieſes handelt es ſich in
375 3950 1451 3998 der Stellungnahme der Sozialdemokraten und der Kom⸗
377 3995 1449 4043 muniſten einerſeits und der Nationalſozialiſten anderer⸗
378 4039 1448 4087 ſeits zur Frage von Maßnahmen, die beſtimmt ſind, der
374 4083 1450 4131 Tributwahnſinnspolitik zu dienen. Wir Nationalſozia⸗
376 4128 1447 4176 liſten lehnen alle Maßnahmen, die beſtimmt ſind, der
375 4172 1451 4221 Tributwahnſinnspolitik zu dienen, ab; die Kommuniſten
372 4217 1451 4264 und Sozialdemokraten ſchlagen Maßnahmen, die beſtimmt
378 4263 1393 4309 ſind, das Reich tributleiſtungsfähig zu geſtalten, vor.
457 4307 1438 4353 Die Kommuniſten und Sozialdemokraten vergeſſen,
374 4350 1447 4398 daß durch einige ihrer Vorſchläge die werktätigen Maſſen
366 4395 1448 4441 mittelbar in der gleichen Weiſe getroffen werden, wie
366 4439 1451 4486 die Vermögensbeſitzer und Einkommenbezieher unmittel⸗
372 4483 1446 4530 bar. Wir denken hier an die Vorſchläge 2 und 3. Der
369 4529 1450 4575 Vorſchlag 2 verlangt eine einmalige Beſteuerung aller
372 4569 1445 4619 Vermögen über 500 000 ℛℳ in Höhe von 20 v. H. —
369 4616 1439 4665 Beiſpiel: Der Geſamtwert einer Induſtrieunternehmung
370 4662 1446 4710 beträgt eine Million Reichsmark. Dieſe eine Million ſetzt
371 4707 1450 4753 ſich zuſammen aus 900 000 ℛℳ Anlagekapital (Fabrik⸗
372 4751 1446 4798 anlagen, Maſchinen, ſonſtige Einrichtungsgegenſtände) und
378 4795 1438 4840 100 000 ℛℳ Betriebskapital (Warenvorräte, Rohſtoff⸗
370 4837 1451 4886 vorräte, Außenſtände uſw., abzüglich der Schulden an
369 4884 1450 4931 Rohſtofflieferanten, Warenlieferanten uſw.). Eine Ab⸗
374 4929 1441 4976 gabe von 20 v. H. dieſer Million wäre nur dadurch
366 4974 1440 5019 möglich, daß die Unternehmer die 200 000 ℛℳ bei einer
370 5019 1445 5064 inländiſchen oder ausländiſchen Bank gegen Proviſionen
368 5062 1447 5108 und Zinſen leihen. Das würde zu einer hypothekariſchen
375 5106 1439 5153 Belaſtung der Fabrikanlagen mit 200 000 ℛℳ, zu einer
1525 610 2598 662 Erhöhung des Unkoſtenkontos um jährl. etwa 20 000 ℛℳ
1517 655 2597 707 und zu einer Schmälerung des Kredits dieſer Unterneh⸗
1524 700 2596 753 mung führen. Die Erhöhung des Unkoſtenkontos würde
1522 745 2602 795 auf die Löhne drückend wirken und im Zuſammen⸗
1524 789 2597 842 hang mit der Schmälerung des Kredits zum finan⸗
1527 836 2590 887 ziellen Zuſammenbruch der Unternehmung und zu
1523 879 2599 929 Arbeiter⸗ und Angeſtelltenentlaſſungen oder zur Ver⸗
1527 919 2591 977 ſchiebung dieſer Unternehmung in den Verfügungsbereich
1523 967 2603 1020 inländiſcher oder ausländiſcher Bankhyänen führen. Die
1528 1013 2597 1065 ſchaffende Belegſchaft würde in jedem Fall die einmalige
1528 1058 2597 1108 Sonderbeſteuerung dieſer Unternehmung mit 200 000 ℛℳ
1529 1100 2602 1154 ſchwer zu ſpüren bekommen. In den meiſten Fällen
1520 1145 2602 1197 würde ſich eine ſolche Sonderbeſteuerung in Höhe von
1521 1190 2602 1241 20 v. H. des Vermögens in Stillegung der Produktions⸗
1528 1235 2601 1287 ſtätte und ſomit in der Vergrößerung des Arbeitsloſen⸗
1529 1279 2599 1332 heeres und der Not und des Elends der werktätigen
1528 1332 1889 1378 Maſſen auswirken.
1613 1370 2598 1419 Der oben abgedruckte Antrag 3 verlangt eine
1530 1415 2598 1466 20 % ige Einkommensſonderbeſteuerung nicht nur der
1523 1459 2599 1509 Dividenden, — wogegen wir durchaus nichts einzuwenden
1526 1503 2603 1555 haben, im Gegenteil, wir werden dieſe Forderung in
1523 1548 2599 1600 Form eines eigenen Antrages, der nicht beſtimmt ſein
1529 1592 2591 1644 wird, der Tributnotverordnung zu dienen, wiederholen —,
1527 1632 2603 1689 ſondern auch aller ſonſtigen Gewinne aus gewerblichen
1522 1681 2606 1733 Unternehmungen. Darunter fallen alſo auch die Gewinne
1522 1724 2601 1779 aus öffentlichen Handelsgeſellſchaften, aus Kommandit⸗
1527 1770 2606 1824 geſellſchaften und aus Einzelunternehmungen. Jeder Ge⸗
1527 1814 2603 1867 werbetreibende, der heute bereits unter der ungeheueren
1530 1858 2602 1913 Geſamtſteuerlaſt zuſammenbricht oder zuſammenzubrechen
1522 1905 2602 1956 droht, würde mit einer Sondereinkommenſteuer von 20
1520 1948 2603 2001 v. H. belaſtet werden. Das würde das Ende faſt aller
1530 1990 2601 2048 gewerblichen Unternehmungen überhaupt bedeuten. Die
1530 2033 2601 2091 Geſamtſteuerlaſt, die auf der einzelnen gewerblichen Unter⸗
1530 2082 2601 2136 nehmung ruht, beträgt heute bereits durchſchnittlich 50
1524 2127 2599 2178 bis 70 v. H. des Ertrages. Würde dieſe Laſt auf 70
1521 2170 2600 2223 bis 90 v. H. erhöht werden, ſo würden die meiſten Ge⸗
1524 2217 2602 2268 werbetreibenden zur Veräußerung von Anlagegegen⸗
1528 2260 2601 2315 ſtänden des gewerblichen Betriebes ſchreiten müſſen, um
1529 2302 2603 2357 zu Mitteln zu kommen, deren ſie zur Beſtreitung ihrer
1524 2348 2603 2400 Lebensunterhaltung bedürfen. Und ſomit auch hier finan⸗
1529 2392 2595 2446 zielle Vernichtung und Stillegung von Betriebsſtätten,
1527 2437 2594 2489 Entlaſſung von Arbeitern und Angeſtellten, Vergrößerung
1520 2481 2556 2532 des Arbeitsloſenheeres und der Not und des Elends.
1612 2533 2593 2585 Gegen den Antrag 4 (Sonderbeſteuerung der Auf⸗
1530 2577 2598 2630 ſichtsrats⸗Tantiemen mit 20 v. H.) und gegen den An⸗
1524 2622 2597 2675 trag 5 (Erhöhung des Einkommenſteuerſatzes bei Ein⸗
1525 2666 2598 2718 kommen von mehr als 50 000 Reichsmark jährlich) haben
1525 2711 2601 2763 wir an ſich durchaus nichts einzuwenden, nur können
1523 2754 2602 2807 wir ſolche Anträge nicht ſtellen oder befürworten, wenn
1530 2797 2602 2853 ſie darauf abgeſtellt ſind, der Tributwahnſinnspolitik zu
1524 2841 2604 2896 dienen, ſondern nur, wenn das Aufkommen aus dieſen
1526 2884 2605 2940 Steuern beſtimmt iſt, Steuern, die auf Arbeit, Gewerbe
2675 602 3749 652 oder Landwirtſchaft laſten, zu ſenken. Der Antrag 4
2680 646 3744 699 ſtellt übrigens eine alte Forderung der Rationalſozialiſten
2675 691 3751 741 dar. Wir haben dieſe unſere Forderung in Geſtalt eines
2673 734 3756 787 entſprechenden Antrages neuerdings unterſtrichen. Für
2675 780 3751 831 den kommuniſtiſchen Antrag konnten wir nicht nur des⸗
2681 827 3755 877 halb nicht ſtimmen, weil er ein Änderungsantrag zur
2676 868 3744 919 Tributnotverordnung war, ſondern auch deshalb nicht,
2676 914 3755 965 weil über die Anträge 1 bis 4 nicht einzeln, ſondern ins⸗
2683 958 3754 1012 geſamt abgeſtimmt wurde. Das gleiche gilt von dem
2679 1013 2878 1059 Antrag 5.
2768 1057 3754 1108 Und nun fordern wir das Zentralorgan der Sozial⸗
2680 1103 3754 1153 demokratiſchen Partei — den „Vorwärts“ — auf, ſeinen
2682 1150 3681 1200 Leſern auch die folgenden Tatſachen zu unterbreiten:
2681 1209 3759 1259 1. Die Sozialdemokraten haben am 2. Dezember im Haus⸗
2733 1252 3746 1305 haltsausſchuß gegen unſeren Antrag auf Außerkraft⸗
2736 1299 3753 1350 ſetzung der Krankenſteuer und der Arzneiſteuer ge⸗
2735 1343 3754 1395 ſtimmt und dieſe ihre Stellungnahme am 6. Dezember
2726 1394 3130 1439 im Plenum beſtätigt:
2681 1440 3754 1491 2. Der „Vorwärts“ hat in Nummer 333 vom 19. Juli
2733 1486 3752 1534 1930 betont: „Die Reichsregierung wird mit der
2737 1531 3752 1583 Kopfſteuer, die der Reichsfinanzminiſter ſelbſt als
2730 1574 3746 1625 abenteuerlich bezeichnet hat, die Erfüllung dieſer Auf⸗
2738 1622 3513 1672 gaben nicht fördern, ſondern zerſtören!“
2816 1673 3748 1724 Im Wahlaufruf der Sozialdemokratiſchen Partei
2736 1723 3307 1768 vom 19. Juli 1930 leſen wir:
2829 1771 3754 1823 „Sie (die Regierung Brüning. Schriftltg.) wollte
2824 1815 3747 1865 neben anderen ungerechten Laſten eine Kopfſteuer
2737 1860 3756 1914 verhängen, die allen Grundſätzen ſteuerlicher Gerech⸗
2736 1905 3753 1959 tigkeit widerſpricht und bisher nur Kolonialvölkern
2729 1956 3162 2006 aufgezwungen wurde.“
2819 2005 3753 2056 Die gleiche Sozialdemokratie hat am 2. Dezember
2738 2050 3751 2102 im Haushaltsausſchuß gegen unſeren Antrag auf
2737 2092 3759 2146 Außerkraftſetzung dieſer Kopfſteuer (Bürgerſteuer) ge⸗
2734 2138 3757 2195 ſtimmt und dieſe ihre Stellungnahme am 6. Dezember
2734 2189 3134 2236 im Plenum beſtätigt.
2683 2237 3751 2289 3. Die Sozialdemokraten haben am 2. Dezember im Haus⸗
2735 2282 3758 2334 haltsausſchuß gegen unſeren Antrag auf Außerkraft⸗
2737 2325 3756 2378 ſetzung der Gemeindebierſteuer, der Gemeindegetränke⸗
2736 2369 3755 2423 ſteuer, des Notopfers (der Reichshilfe) und der Le⸗
2732 2422 3117 2469 digenſteuer geſtimmt.
2683 2468 3758 2519 4. Die Sozialdemokraten haben am 2. Dezember im Haus⸗
2735 2510 3758 2564 haltsausſchuß gegen unſeren Antrag auf Außerkraft⸗
2737 2559 3750 2609 ſetzung der Beſtimmungen über die Verſchlechterung
2726 2602 3748 2652 der Reichsverſorgung und ſomit der Lage der Kriegs⸗
2734 2653 3144 2699 beſchädigten geſtimmt.
2678 2699 3754 2752 5. Die Sozialdemokraten haben am 28. November 1930
2730 2742 3756 2795 im Haushaltsausſchuß gegen den Antrag auf Gewäh⸗
2729 2786 3754 2841 rung einer Winterbeihilfe an die Hungernden und
2733 2838 3135 2885 Frierenden geſtimmt.
3206 2874 3705 2928 Fritz Reinhardt, M. d. R.
1871 3018 2257 3087 Der Kröſus.
1614 3121 2602 3172 Der Berliner Polizeipräſident Grzeſinski hat 150
1527 3166 2602 3218 Beamten der Schutzpolizei, die ſich in den letzten Monaten
1532 3209 2601 3263 „dienſtlich ausgezeichnet“ hatten, ein Geldgeſchenk mit
1524 3255 2512 3308 einem eigenhändig unterſchriebenen Brief überſandt.
1621 3316 2599 3369 „Dienſtlich ausgezeichnet!!“ Hat das etwas mit den
1521 3360 2602 3414 Nazis zu tun? Da muß die republikaniſche Beſchwerde⸗
1528 3404 2596 3460 ſtelle erſt mal Richtlinien angeben. Wir empfehlen: Durch
1526 3449 2597 3502 Geldurteile vorm Schnellrichter Schaffung eines Ge⸗
1530 3493 2602 3550 ſchenkfonds. Für jeden Gummiknüppelhieb, der nach⸗
1528 3535 2599 3591 weislich Nazis traf ℛℳ 10. —. Bei beſonderer Bewäh⸗
1522 3581 2601 3638 rung ein Bild der Tänzerin Daiſy (die Schupos ſehen die
1527 3628 2599 3683 ſchlanken Mädchenbeine genau ſo gern wie Leute in ge⸗
1525 3671 2602 3726 hobenen Poſitionen), ein weiteres Bild vom Ehepaar
1527 3716 2596 3770 Grzeſinski mit den Inſignien des Syſtems und zwei
1527 3759 2594 3815 gekreuzten Gummiknüppeln. Alle Mittel werden durch
1520 3805 2595 3855 neue Steuern: „Republikaniſche Konſolidationsſteuern“
1527 3845 2547 3903 aufgebracht. Frei heul. hewo.
1679 4026 2445 4099 Cabinet der Frontſoldaten.
1687 4140 2431 4188 Letztes Auftreten: Dr. Wirth perſönlich
1718 4194 2406 4242 Am (linken) Flügel: Brüning & Co.
1935 4269 2182 4313 Abgeſang
1679 4318 2455 4367 Melodie nach einem bekannten Volkslied
1794 4389 2331 4437 Morgen droht, morgen droht
1699 4434 2289 4481 mir vielleicht des Bonzen Tod?
1702 4481 2198 4525 Unter den Parteigenoſſen
1705 4523 2265 4570 heute noch auf ſtolzen Roſſen,
1697 4569 2242 4619 morgen ſchon ein Penſionär!
1787 4630 2292 4677 Ach wie bald, ach wie bald
1705 4674 2314 4723 ſchwindet Stellung und Gehalt!
1699 4718 2369 4766 Wenn erſt Hitlers Fahnen wehen,
1697 4763 2335 4809 dann kann ich nach Hauſe gehen,
1695 4809 2215 4858 ich und mancher Kamerad!
1788 4871 2264 4916 Darum ſtill, darum ſtill
1699 4915 2287 4963 füg' ich mich, wie Frick es will.
1701 4958 2378 5006 Hier habt Ihr die zwei Millionen,
1696 5003 2441 5049 und nun mögt Ihr mich verſchonen! —
1689 5049 2218 5094 Ach, die Roſen welken all'
2378 5086 2551 5149 Lynkeus.
2777 2996 3661 3088 Was wird hier geſpielt?
2761 3107 3755 3160 Der franzöſiſche Sozialiſt Caillaux hielt in Paris
2676 3154 3751 3204 in einer Volksverſammlung eine beachtliche Rede, in der
2673 3202 3129 3252 er folgendes ausführte:
2773 3245 3757 3293 „Der Verſailler Friede zerſtückelt den euro⸗
2682 3288 3754 3339 päiſchen Wirtſchaftsorganismus und ſetzt an die Stelle
2678 3330 3753 3384 eines geſunden Körpers ein unhaltbares Syſtem. Die
2678 3377 3758 3428 Grenzen wurden in dieſem ſchlechten Frieden
2675 3421 3757 3474 widerrechtlich und entgegen den elementaren Wirtſchafts⸗
2683 3465 3755 3520 geſetzen gezogen. Das Reparationsproblem wurde
2679 3512 3560 3561 in der erbärmlichſten Weiſe behandelt.
2772 3555 3755 3606 Hätte ich in Verſailles mitſprechen dürfen, ſo
2677 3599 3754 3650 würde ich den Deutſchen geſagt haben, ſetzen wir
2677 3644 3750 3697 uns an einen Tiſch und ſtellen wir gemeinſam
2676 3689 3709 3740 die Höhe der Reparationszahlungen feſt.
2766 3733 3754 3785 Unſere Unterhändler aber gaben das Aufbaugebiet
2679 3777 3755 3829 den Spekulanten preis, die ſich in unerhörter
2682 3830 3154 3873 Weiſe bereicherten.
2766 3867 3748 3918 Die allgemeine Schuldenſtreichung iſt
2676 3912 3754 3962 notwendig und eine europäiſche Wirt⸗
2683 3955 3681 4008 ſchaftsföderation der einzige Ausweg.“
2762 3999 3754 4050 Wir wünſchen, daß Herr Curtius von dieſen Er⸗
2679 4043 3757 4096 kenntniſſen nicht gerade am Lago Maggiore überraſcht
2675 4090 3752 4141 wird (von wegen die Geſundheit!). Es muß doch immer⸗
2682 4136 3758 4186 hin peinlich ſein für den Epigonen Streſemanns, nun
2683 4177 3752 4230 ausgerechnet von einem Vertreter Frankreichs das hören
2682 4222 3752 4275 zu müſſen, was wir Nationalſozialiſten ſeit 10 Jahren
2679 4268 3751 4319 als möglich, Herr Curtius aber als lari⸗fari deklarierte.
2766 4311 3758 4361 Bei allem Peſſimismus, den man als Deutſcher
2676 4357 3757 4408 auch einem „Caillaux“ entgegenbringen muß, eröffnet
2672 4402 3756 4453 dieſe Rede von Caillaux genau ſo wie die Verlaut⸗
2675 4445 3749 4498 barungen von Hervé und Lord Rothermere Perſpek⸗
2676 4491 3759 4540 tiven, die ein deutſcher Außenpolitiker ausnützen
2676 4535 3751 4586 würde dazu, daß es dem deutſchen Volk beſſer ginge.
2674 4578 3755 4630 Aber machen wir uns keine Illuſionen, daß ein Kabi⸗
2673 4624 3753 4674 nett Brüning mit einem Herr Curtius auch nur Haares⸗
2672 4668 3688 4718 breite von ihrer Pedanterie abginge und die heißt:
2773 4715 3748 4764 „Notverordnung, Zwangsmaßnahmen, Zwangsſteuern,
2677 4757 3746 4808 Gummiknüppel nach innen und „Palmenwedel“ nach
2671 4801 3708 4857 außen.“ hewo.
2673 4902 3096 4968 Werbt überall
2891 4974 3750 5045 für das Hakenkreuz⸗Banner!
2891 5060 3756 5102 Beſtellungen beim Briefträger und auf der Geſchäfts⸗
2890 5100 3328 5138 ſtelle Mannheim, P 5, 13 a.
