3988 5468
1875 95 2291 143 Mannheim (Rathaus)
3335 94 3708 140 Einzelpreis 20 Pfg.
721 208 1104 247 Offizielles Partei⸗Organ
428 243 1392 284 Das Hakenkreuz⸗Banner erſcheint wöchentlich und koſtet
429 279 1391 321 ohne Zuſtellung 90 Pfg. — Beſtellungen bei den Poſtämtern
428 315 1390 354 und bei den Briefträgern, ſowie beim Verlag, Mannheim,
429 349 1393 391 P 5, 13 a. — Zahlungs⸗ und Erfüllungsort, ſowie Gerichts⸗
427 385 1389 428 ſtand iſt Mannheim. — Poſtſcheckkonto: 31715 Karlsruhe.
2824 204 3677 245 Anzeigen: Die achtgeſpaltene Millimeter⸗Anzeigen⸗
2817 240 3676 280 zeile 10 Pfg. Wiederholungsrabatte nach beſ. Tarif.
2821 274 3676 315 Redaktionsſchluß für Inſerate: Donnerstag 12 Uhr.
2822 311 3676 350 Bei Ausfall der Lieferung infolge höherer Gewalt,
2819 347 3678 386 polizeilichem Verbot, Betriebsſtörung, Streik uſw. beſteht
2816 382 3675 423 kein Anſpruch auf Rüchzahlung oder Nachlieferung.
824 565 2007 696 Die nationalſozialiſtiſche Zeitung
2245 576 3514 680 der Bezirke Mannneim-Weinheim
481 1407 740 1463 Jahrgang 1
484 1486 742 1543 Nummer 1
1223 1446 2837 1513 Herausgeber: Karl Lenz, M. d. R. für den Gau Baden
3324 1405 3570 1460 Mannheim,
3294 1486 3589 1544 3. Jan. 1931
767 1653 3331 1838 Herr Oberbürgermeiſter Dr. Heimerich
1685 1856 2417 1976 wie iſt Ihnen?
453 2033 1428 2079 Mannheim iſt eine Großſtadt — comme il faut —
364 2077 1427 2123 auf allen Gebieten, beſonders beim Geldausgeben. Die
363 2119 1433 2168 Werktätigen bezahlen es ja. So war es bisher. Wir
357 2165 1431 2212 Nationalſozialiſten erlauben uns auch hier die Freiheits⸗
363 2211 1428 2255 lämpchen anzuzünden und hineinzuleuchten, wo es bisher
363 2254 1429 2300 finſter war — auf daß es helle werde. Unſere Stadtrats⸗
363 2299 1318 2344 fraktion hat folgende Belichtungs⸗Anträge geſtellt:
451 2344 1036 2387 Der Stadtrat wolle beſchließen:
362 2386 1433 2432 a) Den Herrn Oberbürgermeiſter, die Herren Bürger⸗
415 2429 1428 2475 meiſter und die Herren Direktoren der ſtädt. Betriebe
415 2474 1426 2519 zu erſuchen, ihr geſetzlich feſtgelegtes Einkommen frei⸗
416 2515 1424 2563 willig ſo zu kürzen, daß es den herausfordernden Cha⸗
412 2560 1435 2606 rakter gegenüber der wirtſchaftlichen Notlage der
408 2603 1429 2650 breiten Maſſe verliert und in keinem Falle den Betrag
408 2644 1434 2694 von 12 000 ℛℳ (Zwölftauſend Mark) im Jahre über⸗
415 2692 1426 2743 ſchreitet (Gehalt des Innenminiſters Dr. Franzen in
413 2739 687 2784 Braunſchweig).
363 2781 1425 2829 b) Sofort feſtſtellen zu laſſen, welche Summen hierbei
392 2826 705 2875 geſpart werden.
349 2870 1429 2916 c) Dieſe eingeſparten Summen im erſten Monat als ein⸗
409 2916 1425 2961 malige Beihilfe den Erwerbsloſen zukommen zu laſſen
408 2960 1425 3006 und den folgenden Monaten zur Erſtellung von
413 3003 1428 3049 Wohnungen, bei denen Erwerbsloſe Beſchäftigung fin⸗
403 3051 763 3093 den, bereitzuſtellen.
448 3090 1423 3138 Die Entſchädigungen der Stadträte und Stadtver⸗
360 3137 1424 3183 ordneten auf das geſetzl. höchſtzuläfſige Mindeſtmaß herab⸗
359 3184 501 3227 zuſetzen.
448 3227 1433 3271 Die Stellen dritten und vierten Bürgermeiſters
357 3271 1423 3316 werden geſtrichen. An ihre Stelle treten nötigenfalls
358 3316 1029 3361 ehrenamtlich Beauftragte der Stadt.
446 3360 1422 3405 Sämtliche gemeindlichen Arbeiten und Lieferungen
359 3405 1426 3449 ſind den ortsanſäßigen (Groß Mannheim) Gewerbetrei⸗
350 3450 1432 3493 benden zu übertragen und können nur dann nach außer⸗
359 3492 1424 3537 halb vergeben werden, wenn ſie am hieſigen Platze nicht
360 3538 869 3582 ausgeführt werden können.
449 3582 1423 3627 Die Kleingewerbetreibenden ſind in ſozialgerechter
352 3622 1073 3672 Weiſe weitgehendſt zu berückſichtigen.
440 3668 1429 3715 Wir erwarten von der Stadlverwaltung die Ent⸗
359 3715 1423 3759 laſſung aller Parteibuchbeamten. Zur praktiſchen Durch⸗
360 3759 1428 3803 führung erſuchen wir Vervollſtändigung unſeres An⸗
351 3803 1420 3848 trages Nr. 7 um Vorlage eines Verzeichniſſes, welches
357 3847 1420 3891 die Namen aller Beamten enthält mit folgenden Angaben:
395 3892 806 3934 1. Vor⸗ und Zuname.
400 3936 851 3979 2. Jetzige Beſchäftigung.
396 3976 1091 4023 3. Seit wann in ſtädtiſchen Dienſten.
397 4024 1042 4068 4. Welche berufliche Vorbereitung?
400 4068 1071 4113 5. Schulbildung und Schulzeugniſſe.
398 4113 813 4156 6. Abgelegte Examina.
396 4156 1418 4203 7. Gehaltsgruppe, monatliches Einkommen (detailliert).
399 4202 651 4245 8. Vorſtrafen.
444 4247 1418 4291 Die Beamten, welche in dieſem Sinne keine Berufs⸗
353 4286 1417 4336 beamten ſind, müfſen ohne Entſchädigung aus ſtädtiſchen
354 4335 848 4378 Dienſten entlaſſen werden.
441 4393 935 4444 Mannheim, den 29. 12. 30.
761 4451 1416 4496 Die Rathausfraktion der NSDAP.
814 4505 1370 4549 Runkel, Feit, Dr. Orth, Störz.
609 4632 1157 4698 Achtung Bezieher!
443 4717 1415 4764 Wir haben die Feſtſtellung gemacht, daß eine Reihe
352 4762 1415 4809 von Pg. die Beſtellſcheine für unſere Zeitung ausge⸗
354 4807 1414 4853 füllt und in den Briefkaſten eingeworfen hat, aber bis
352 4851 1414 4897 zur Stunde noch keinen Bezugspreis entrichten mußte.
352 4894 1415 4941 Die Gründe hierfür ſind uns noch nicht bekannt. Auf
352 4939 1413 4986 jeden Fall wollen ſich alle oben genannten Pg. auf dem
352 4983 1415 5032 Verlag melden, wenn ſie trotz getätigter Beſtellung nicht
350 5028 1413 5075 beliefert werden. Im übrigen werden wir die Ange⸗
352 5071 742 5116 legenheit unterſuchen.
686 5125 1368 5172 Verlag „Das Hakenkreuz-Banner“.
1743 2091 2339 2173 Am Donnerstag
1517 2191 2582 2236 den 15. Januar 1931, findet im Mannheimer Nibe⸗
1516 2239 1802 2283 lungenſaal eine
1549 2309 2533 2407 Großdeutſche Kundgebung
1517 2440 2574 2485 ſtatt. Die Veranſtaltung wird gemeinſam von der S. A.
1514 2484 2575 2530 Standarte und der Bezirksleitung Mannheim durchge⸗
1515 2528 1884 2572 führt. Es ſprechen:
1606 2572 2325 2629 Abg. Knirſch vom Prager Parlament,
1603 2621 2141 2668 Gauleiter Frauenfeld⸗Wien,
1604 2665 2102 2715 M. d. R. Lenz⸗Mannheim.
1604 2717 2574 2775 Teilnahme für alle Parteigenoſſen des Bezirkes
1515 2775 1924 2820 Mannheim iſt Pflicht.
1515 2832 2567 2884 Bez. Mhm. der NSDAP. Sta. 4 der S. A
1529 2982 2546 3070 Parteigenoſſen, Kameraden!
1597 3088 2571 3133 Das Geſetz, nach welchem wir angetreten, gilt heute,
1511 3133 2076 3179 wie es vor zehn Jahren galt.
1602 3178 2578 3222 Damals haben wir mit dem Kampf unſeren Bund
1509 3223 2570 3269 geſchloſſen und ſeither iſt er uns zur Seite geſchritten.
1507 3267 2572 3312 Manchmal war es hart und ſchwer, Nationalſozialiſt
1513 3312 2570 3356 zu ſein, dann aber wieder war der Stolz über gewonnene
1512 3355 2571 3402 Schlachten ſo begeiſternd, daß wir alles Schwere vergaßen.
1602 3400 2571 3448 Aber je mehr Jahre ins Land gegangen ſind, umſo
1514 3446 2572 3490 gemeiner wurden die Waffen des Gegners. Und wer
1512 3490 2572 3535 war nicht alles Gegner von uns? Die Parteien, die
1512 3535 2571 3580 Klaſſen, der Staat, die Banken, der Jude! Wenn es
1513 3579 2581 3625 an uns ging, dann waren ſie in einer Front und ihre
1513 3624 2571 3669 Kampfmittel waren der Haß und der Schmutz. Wir
1510 3669 2571 3714 aber trugen in uns das Leben und die Leidenſchaft, den
1511 3713 2570 3758 eiſernen Willen und männlichen Trotz. Rechtwinklig
1511 3757 2569 3802 ſtanden wir an Leib und Seele und haben uns gewehrt,
1511 3802 2569 3847 ſo gut wir konnten. Wo uns aufgehetztes Untermen⸗
1510 3848 2570 3891 ſchentum die Schädel einſchlug, da brachten wir den
1511 3892 2568 3935 Beweis, daß der Deutſche in Deutſchland doch noch
1510 3936 1927 3979 etwas mitzureden hat.
1598 3980 2435 4024 Kameraden von Mannheim und Weinheim!
1596 4033 2578 4078 Wir ſind in eine neue Kampfphaſe eingetreten. —
1508 4078 2568 4123 Wir haben uns nie Illuſionen gemacht, ſondern können
1508 4123 2565 4167 mit Stolz von uns ſagen, daß wir — je mehr die
1508 4168 2565 4211 Feinde dagegen ſchrieen — kalt und nüchtern blieben.
1508 4212 2133 4257 Wir wollen es auch hier ſein! —
1596 4257 2565 4301 In dieſer Zeit wirtſchaftlicher Depreſſion, partei⸗
1508 4301 2565 4345 politiſcher Niedertracht und behördlicher Verfemung muß
1508 4345 1856 4390 es für uns heißen:
1720 4395 2334 4445 „Die Herzen zuſammengeriſſen,
1573 4452 2499 4497 die Zähne zuſammengebiſſen, arbeiten, kämpfen.“
1507 4505 2564 4550 Nichts, garnichts haben wir uns vorzumachen, als das
1506 4550 2564 4594 Eine, daß unſere Gegner nunmehr ihre Front ver⸗
1506 4593 2564 4639 breitern werden, um mit noch gemeineren Mitteln als
1505 4634 2272 4684 bisher den Kampf gegen uns zu führen.
1588 4684 2563 4727 Wir aber werden die Ruhe bewahren, wie wir ſie
1506 4729 2565 4773 einſt hatten, als wir in den M. G. Neſtern der Front
1506 4773 2563 4818 lagen, den Finger am Abzugsbügel der Gewehre, und
1505 4819 2170 4863 um unſer bißchen Leben kämpften.
1594 4863 2204 4908 Der Kampf heute iſt der gleiche!
1593 4907 2563 4952 Wir werden ihn beſtehen, weil wir die Revolution
1505 4952 2563 4996 des Rechtes ſind, weil uns zur Seite der Wille, der
1505 4997 2561 5040 Trotz und die Liebe zum deutſchen Vaterland und zum
1504 5041 2081 5086 deutſchen Arbeitsbruder ſtehen.
1587 5086 2561 5129 Drum Kamerade, vorwärts und — wenn es ſein
1504 5128 2107 5174 muß — über Gräber vorwärts!
2409 5128 2515 5173 hewo.
2653 2035 3730 2126 107 Nazi ſtürzen das Kapital,
2704 2132 3678 2219 brechen die Judentyrannei,
2898 2230 3499 2316 machen uns frei!
2751 2333 3725 2379 Mit Rieſenplakaten rühren die Roten die Werbe⸗
2664 2379 3724 2425 trommel in ganz Deutſchland: „107 Nazi ſchützen das
2664 2423 3731 2467 Kapital.“ Die Taktik iſt zu einfältig: Wir Nationolfo⸗
2663 2468 3723 2512 zialiſten ſollen in die Verteidigung gedrängt werden. Das
2665 2511 3723 2557 Grauen vor der eigenen Kataſtrophe ſitzt den Roten und
2664 2556 3727 2600 Schwarzen würgend im Nacken. Jetzt erfüllt ſich, was
2665 2601 3721 2644 ſie vor Monaten und Jahren in wahnſinnigem Taumel
2659 2646 3108 2691 either eingefädelt haben.
2744 2686 3726 2726 Damals, am 15. Juli 1929 anläßlich der Debatten
2650 2731 3731 2774 wegen Annahme des Young Planes ſchrieb das führende
2809 2776 3726 2821 Zentrumsbatt ſie ſeien bereit ein Friedensopfer
2661 2821 3726 2865 zu bringen, der Youngplan, der keine Verſklavung be
2662 2864 3722 2908 deute, ſei ein Ubereinkommen. Ganz einfach ſchrieb der
2659 2908 3720 2954 Badiſche Beobachter: „Was wir früher für Heer und
2660 2953 3721 2998 Flotte gaben, bekommen nun Frankreich und die andern
2660 2997 3723 3043 zur Bezahlung ihrer Schulden an Amerika. Deutſchland
2660 3042 3723 3089 bezahlt damit den Frieden der Welt. Die Polniſchen
2659 3088 3723 3134 Weſtgrenzen müſſen garantiert werden. Die Hegemonie
2659 3132 3723 3177 Frankreichs muß für Deutſchland eine gegebene Größe
2660 3173 2830 3220 ſein!“ —
2747 3221 3729 3265 Dann ſchwätzten ſie in das Mikrophon des Rund⸗
2659 3265 3724 3313 funks hinein und faſelten von Milliarden, die geſpart
2660 3311 3725 3357 würden. . . — und jetzt — Juli 1930 Verordnung zur
2658 3354 3729 3400 Behebung finanzieller, wirtſchaftlicher und ſozialer Not⸗
2658 3399 3723 3447 ſtände — Dezember 1930 — Verordnung zur Sicherung
2658 3443 3723 3489 der Finanzen. Herr Brüning muß trotz ſeines ſanften
2658 3488 3729 3532 Augenaufſchlages Diktatur machen, um die Sklaven⸗
2658 3532 3728 3578 tribute herauszupreſſen und die jüdiſchen Finanzhyänen
2657 3578 3722 3621 zu befriedigen. Die SPD. ſteht daneben und hält die
2658 3621 3726 3668 Chloroformflaſche in der Hand. Tropfen um Tropfen
2658 3666 3724 3710 fällt. Unten liegt der geſchundene „Patient“ und atmet
2657 3711 3718 3755 den betäubenden Duft — „107 Nazi ſchützen das Kapital“
2648 3756 3728 3800 — und ein diaboliſches Grinſen verzerrt dieſe „Sozia⸗
2657 3800 2781 3842 liſten.“
2744 3845 3721 3890 Aber, gemach, wir laſſen uns von euch nicht mehr
2657 3890 3720 3935 metzgern. Wie war das doch, als der Young⸗Plan ange⸗
2656 3934 3719 3979 nommen wurde, erklärten unſere Parteigenoſſen im
2655 3977 3719 4022 Reichstag: „Die vereinigten Parteien des November⸗
2655 4022 3727 4069 Verbrechens zuſammen mit ihren bürgerlichen Helfers⸗
2655 4066 3719 4112 helfern haben die Younggeſetze angenommen, ohne zu
2656 4112 3719 4156 wiſſen, wo ſie das Geld für dieſe Tribute hernehmen
2655 4155 3719 4201 ſollen; ohne die Bürgſchaften für die Erfüllbarkeit für
2654 4200 3719 4246 übernommene Verpflichtungen geben zu können. Es iſt
2654 4244 3718 4290 eine Lüge, wenn von finanziellen Erleichterungen von
2653 4288 3385 4333 Seiten der Regierung geſprochen wird.
2742 4333 3718 4379 Wir klagen die Regierung und die ſie
2653 4378 3718 4426 ſtützende Reichstagsmehrheit des vollen⸗
2653 4422 3283 4458 deten Volksverrates an!“
2742 4466 3715 4512 Hättet ihr den Young⸗Plan nicht unterſchrieben,
2653 4510 3718 4559 dann bräuchtet ihr heute keine neuen Steuern, hättet ihr
2653 4555 3716 4600 deutſche Außenpolitik getrieben, dann würden euch die
2652 4599 3325 4644 Polanken nicht in das Geſicht treten.
2741 4644 3715 4690 Alles iſt zwangsläufig und ihr habt euch euer Ge⸗
2652 4690 3716 4736 ſetz ſelber gegeben. Nach dieſem Geſetz ſterbt ihr, weil
2651 4733 3714 4780 ihr es nicht mehr ändern könnt. Euer Blut iſt vergiftet.
2652 4777 3718 4824 Mit euch geht es zu Ende und nun ſchreit ihr ſterbende
2650 4822 3716 4868 Parteibonzen nach einem bischen Leben — genau wie der
2649 4863 2948 4913 Schwindſüchtige.
2740 4912 3714 4959 Geſetzt den Fall, wir hätten dem Penſionskürzungs⸗
2651 4957 3714 5002 geſetz und dem kommuniſtiſchen Antrag auf Sonderbe⸗
2651 5001 3715 5046 ſteuerung vom Beſitz über 500 000 ℛℳ zugeſtimmt? Dann
2651 5045 3185 5088 wären wir mitverantwortlich.
2739 5089 3720 5134 Das Geld dieſer neuen Steuern gebt
2649 5132 3732 5180 ihr als Gratisſpende an die amerikaniſchen
