3886 5452
345 255 496 322 Nr. 2
336 352 525 412 Jahrg. 1
758 210 1119 248 Offizielles Partei⸗Organ.
587 257 1290 293 Das Hakenkreuz⸗Banner erſcheint wöchentlich und koſtet
592 294 1283 329 ohne Zuſtellung 90 Pfg. Beſtellungen bei den Poſtämtern
588 329 1282 365 und bei den Briefträgern, ſowie beim Verlag, Mannheim
585 365 1283 402 P 5, 13 a. — Zahlungs⸗ und Erfüllungsort, ſowie Gerichts⸗
590 397 1284 435 ſtand iſt Mannheim. Poſtſcheckonto: 6775 Ludwigshafen.
2697 196 3296 227 Anzeigen: Die achtgeſpaltene Millimeter⸗
2702 228 3291 258 Anzeigenelle 10 Pfg. Wiederholungsrabatte nach
2699 260 3294 290 beſ. Tarif. Redaktionsſchluß für Inſerate: Donners⸗
2703 290 3291 322 tag 12 Uhr. — Bei Ausfall der Lieferung infolge
2703 322 3298 353 höherer Gewalt, pollzellichem Verbot, Beiriebs⸗
2704 353 3292 384 ſtörung, Streik u. ſ. w. beſteht kein Anſpruch auf
2811 386 3193 415 Rückzahlung oder Nachlieferung.
3341 213 3572 262 Mannheim
3340 277 3568 327 10. Januar
3395 348 3514 388 1931
709 513 1897 644 Die nationalſozialiſtiſche Zeitung
2150 516 3405 622 der Bezirke Mannheim-Weinheim
479 1414 3405 1597 „Du Lauſejunge, Du Hund, Du Schwein!“
1305 1619 2556 1679 Reichsbannerführer Hörſing laut Reichstagsbericht vom 26. 1. 21.
1519 3358 2392 3448 „Auf nach Frankreich!“
354 1785 627 1821 Reichstagsbericht.
353 1817 1062 1857 Am Präſidium der Mehrheitsſozialiſt Löbe.
353 1851 1328 1893 Abg. Koenen (Kommuniſt): Zu dieſer barbariſchen Tat Ihrer
261 1891 937 1929 Märker⸗ und Noskegarden haben . . . .
353 1923 1328 1965 Abg. Hörſing (Mehrheitsſozialiſt): Du Lauſejunge, Du Hund,
264 1965 477 1999 Du Schwein!
352 1994 1328 2036 Abg. Braß (Kommuniſt) zu Hörſing: Sie haben ſich wohl
266 2034 648 2071 heute gerade gekämmt?
350 2067 1180 2106 Abg. Koenen (Kommuniſt) redet unentwegt weiter.
354 2101 1328 2142 Abg. Hörſing (Mehrheitsſozialiſt) holt mit der Fauſt aus,
260 2136 1333 2176 um Braß ins Geſicht zu ſchlagen, worauf der Abg. Braß (Kom⸗
266 2172 1327 2213 muniſt) ihn auf den Platz niederdrückt mit den Worten: Menſch
262 2208 1330 2250 ſind Sie doch wenigſtens hier vernünftig, wenn Sie total be⸗
260 2247 465 2287 ſoffen ſind!
353 2278 1328 2319 Abg. Hörſing (Mehrheitsſozialiſt) ruft weiter: Lauſejunge!
353 2314 1337 2354 Abg. Adolf Hoffmann (Kommuniſt) miſcht ſich in den Streit
262 2349 1327 2391 zwiſchen Braß und Hörſing ein, erhält von Hörſing einen
258 2384 1333 2425 Stoß vor die Bruſt und ruft: Herr Präſident, hier iſt ein Be⸗
263 2425 562 2461 ſoffener im Saale.
353 2454 1334 2496 Präſident Löbe: Herr Abg. Hoffmann, ich rufe Sie dafür
263 2495 481 2533 zur Ordnung.
353 2524 1327 2567 Abg. Hoffmann (Kommuniſt): Rufen Sie doch den Betref⸗
263 2562 853 2603 fenden zur Ordnung, der hier ſtört!
354 2593 1330 2638 Präſident Löbe: Herr Abg. Hoffmann, es hat ſich außer
262 2630 1331 2672 Ihnen niemand in dieſem Augenblick einer Störung der parla⸗
262 2670 912 2707 mentariſchen Ordnung ſchuldig gemacht.
352 2695 1335 2743 Abg⸗Hoffmann (Kommuniſt): Der Redner kann nicht zur
261 2735 1328 2779 Geltung kommen, wenn der Betrunkene hier dauernd ſtört!
264 2771 1328 2815 (Zurufe rechts: das iſt deutſcher Parlamentarismus!) Hörſing
258 2814 483 2850 iſt betrunken!
354 2843 1328 2885 Präſident Löbe: Herr Abg. Hoffmann, ich rufe Sie zum
264 2883 722 2923 zweiten Male zur Ordnung.
352 2914 1331 2957 Abg. Hörſing (Mehrheitsſozialiſt) wird von ſeinen Freun⸗
262 2954 713 2990 den aus dem Saal geführt.
352 2985 1327 3029 Abg. Braß (Kommuniſt): Deſſen Zuſtand hatte ich gleich
264 3028 399 3066 gerochen.
352 3056 1333 3107 Lange nachdem ſelbiger Hörſing von ſeinen Freunden
256 3102 1338 3150 aus dem Saale geführt war und der Zuſtand von damals
257 3146 1327 3196 nicht mehr gerochen werden konnte, erläßt er einen Auf⸗
262 3192 1188 3241 ruf unterm 6. Januar 1931 mit der Überſchrift:
416 3245 1173 3293 Parole des Reichsbanners: marſchfertig!
345 3299 1337 3346 Im Aufruf, wie üblich die hyſteriſchen Krämpfe von
262 3342 1335 3391 Menſchen, die ihre Felle dahin ſchwimmen ſehen. Da⸗
256 3388 1329 3433 neben aber noch einige ſchöne Bekenntniſſe, wie beiſpiels⸗
257 3432 1330 3478 weiſe: . . . . ., aber noch ſind die Aufgaben, die uns eine
256 3477 1325 3523 Zeit der Wirrnis und der Not geſtellt hat, nicht gelöſt.
687 3521 1291 3565 Fortſetzung ſiehe Seite 6 oben!
448 3675 1122 3767 S.⸗A. Mannheim.
473 3814 1061 3859 „Wir ſind die Sturmkolonnen,
464 3859 940 3904 Wir greifen mutig an.“
349 3936 1327 3982 Kameraden, ihr dürft mit Stolz ſagen, daß ihr
259 3981 1335 4030 es geweſen ſeid, welche dem Nationalſozialismus in
265 4025 1252 4077 Mannheim die politiſche Geltung verſchafft haben!
356 4083 1331 4131 Ihr wart arbeitslos, ihr hattet Hunger, frierend
265 4128 1327 4177 ſtandet ihr vor dem Arbeitsamt. Mit großen Augen
258 4172 1331 4220 im ausgemergelten Geſicht habt ihr in das andere Mann⸗
258 4217 1333 4264 heim hineingeſchaut, dahin, wo in wohlgeheizten Kaffee⸗
260 4262 1335 4310 häuſern die „Bürger“ ihren Kaffee ſchlürften, wo in
261 4306 1327 4354 Polſterſeſſeln die Bonzen aller Schattierungen ſchnarch⸗
263 4350 1328 4397 ten und die Auserwählten von Galizien an der Börſe
264 4396 1329 4443 nicht nur euer letztes Hemd, ſondern auch das Mark eurer
266 4443 693 4487 Knochen verſchacherten.
354 4494 1326 4540 Ihr, Kameraden, hattet nichts, als ein würgendes
257 4538 1332 4585 Gefühl im Hals und ein unſagbares Weh: warum ſind
260 4583 1325 4628 wir denn alle Knechte, warum führen wir ein Leben,
265 4630 745 4675 ſchlimmer als die Hunde.
354 4687 1327 4731 Und da wurdet ihr hart und trotzig und eure
265 4733 863 4777 Finger krallten ſich zur Fauſt.
349 4790 1326 4834 Als die Gummiknüppel auf euren Schädel tanzten,
263 4834 1331 4880 da wolltet ihr das erſte Mal dagegen hauen. Aber
265 4879 1326 4924 ſind dieſe Bauernburſchen unter dem Tſchako nicht auch
256 4924 1330 4969 unſere Brüder? Die müſſen, weil andere Mächte es
262 4969 1281 5014 befehlen. Ihr ſchlugt nicht und werdet nicht ſchlagen.
354 5027 1334 5071 Ihr ſeid deutſche Männer, Kameraden, und euer
264 5070 1327 5116 Schlag ſoll einmal jene treffen, welche die Drahtzieher
1409 3640 2472 3688 von all dem ſind, was euch heute ſchmerzt und in euch
1409 3685 2481 3732 bohrt und wühlt: Die Verräter an euch und am Vater⸗
1406 3730 2476 3776 land, jene, die keine Deutſchen ſind, ſondern nur Ge⸗
1416 3774 2475 3821 ſchäfte machen wollen mit eurem Leib und eurer Seele.
1504 3828 2475 3876 Dann ſchlug das aufgehetzte Untermenſchentum brutal
1408 3872 2474 3919 und gemein, vielfach in der Übermacht, euch nächtens
1415 3916 2474 3963 zuſammen. Ihr habt euch gewehrt und auf einen Schel⸗
1410 3963 1864 4008 men anderthalbe geſetzt.
1498 4014 2475 4060 Und die Gazetten von der Arbeiterzeitung bis zur
1411 4058 2474 4105 kleinbürgerlichen Volksſtimme winſelten, hetzten und logen,
1416 4105 1940 4150 daß ſich die Balken bogen.
1496 4156 2473 4202 Das berührt euch nicht mehr. Ihr ſteht wie unſere
1416 4201 2474 4248 Fahne ſteht und kämpft, ſtark und tapfer, wie unſer
1414 4250 1617 4294 Glaube iſt.
1500 4298 2474 4345 Die Fahnen flattern noch nicht in allen deutſchen
1417 4348 1550 4391 Gaſſen.
1499 4397 2475 4443 Das Reichsbanner hetzt zum Bürgerkrieg, die Kom⸗
1412 4442 2434 4489 mune will das Chaos auf den Barrikaden beginnen.
1506 4493 2475 4541 Ihr, Kameraden, ſchweigt, eiſern und zäh, Gewehr
1410 4538 2474 4586 bei Fuß. Wir wollen keinen Bürgerkrieg, wir brauchen
1410 4583 2473 4632 keinen Umſturz. Wir warten auf den Tag, wo wir ſtark
1417 4628 2473 4677 genug ſind, allen Hetzern und Verleumdern, allen Wür⸗
1417 4675 2303 4722 gern und Betrügern das Handwerk zu legen.
1499 4726 2473 4773 Die kommenden Wochen heißen Kampf und Terror,
1417 4771 2437 4819 Heimtücke und Verrat, Niedertracht und Brutalität.
1498 4824 2473 4873 Wir haben nichts als das heiße Feuer im Herzen
1411 4870 2478 4917 und die große Liebe zum werktätigen Bruder. Wir
1411 4915 2362 4965 wiſſen, daß unſere Verbündeten die ſtärkeren ſind.
1504 4967 2475 5016 Wohlan, wir bleiben die alten und nehmen jeden
1415 5011 2429 5061 Kampf an: mutig, diszipliniert treu und unerbittlich.
1505 5064 2429 5113 Vorwärts, über Gräber vorwärts! hewo.
2587 1771 3626 1859 Der Führer der National⸗
2653 1874 3525 1977 ſozialiſten in Öſterreich.
2863 2030 3313 2084 A. E. Frauenfeld.
2844 2144 3628 2184 Anläßlich der nationalſozialiſtiſchen Freiheits⸗
2768 2180 3623 2219 kundgebung am 15. Januar im Nibelungenſaal
2773 2216 3623 2254 ſprechen die beiden Vorkämpfer des Deutſchtums,
2773 2251 3624 2290 A. E. Frauenfeld und H. Knirſch. Die folgenden
2773 2287 3628 2329 nAusführungen dürften deshalb von beſonderem In⸗
2764 2323 3269 2363 tereſſe ſein. (Anm.: die Red.)
2643 2401 3624 2449 Als Träger des großdeutſchen Gedankens kämpft
2558 2446 3622 2492 der Nationalſozialismus auch außerhalb unſerer eng ge⸗
2559 2490 3626 2538 zogenen Grenzen überall, wo deutſche Volksgenoſſen in
2561 2533 3628 2582 geſchloffenen Gebieten wohnen. So wenig wie unſere Be⸗
2556 2577 3629 2627 wegung Trennungslinien konfeſſioneller und ſozialer Art
2558 2623 3626 2670 unſeres Volkes anerkennt, ebenſo wenig machen wir an
2559 2666 3641 2714 ſtaatspolitiſchen Grenzen innerhalb unſerer Ration halt.
2558 2709 3634 2757 In Sudeten⸗Deutſchland bildet die nationalſozialiſtiſche
2559 2757 3624 2805 Bewegung das Rückgrat des politiſchen Widerſtandes
2558 2801 3623 2847 gegen den brutalen Entdeutſchungsprozeß der Tſchechen.
2551 2845 3623 2891 In Öſterreich faßt unſere Bewegung beſonders in den
2559 2889 3624 2936 letzten Wochen immer feſter Fuß. In einzelnen Städten
2558 2930 3625 2979 und Orten der Grenzländer Steiermark und Kärnten ſind
2557 2980 3386 3026 nationalſozialiſtiſche Hochburgen entſtanden.
2647 3050 3624 3095 Beſonders in Wien ſteht der Nationalſozialismus
2558 3094 3624 3140 unter Führung A. E. Frauenfeld's im Brennpunkt des
2560 3138 3624 3184 politiſchen Kampfes. Im November v. Is. erhielten die
2558 3183 3626 3229 Nationalſozialiſten bei den Parlamentswahlen dort be⸗
2559 3227 3629 3271 reits 27 000 Stimmen. Bei einer Einwohnerzahl von
2559 3272 3623 3319 faſt 2 Millionen erſcheint dieſer Erfolg zunächſt außer⸗
2549 3316 3623 3363 ordentlich gering. Man muß jedoch berückſichtigen, daß
2555 3361 3622 3405 in Wien 800 000 Zuden und Juden⸗Abkömmlinge,
2554 3405 3624 3452 250 000 Tſchechen und faſt 100 000 andere Ausländer
2559 3449 3623 3495 wohnen. Außer den Juden geben faſt alle Tſchechen
2558 3493 3627 3540 ihre Stimmen dem Marxismus, weil dieſer ihnen als
2560 3538 3630 3586 Gegengabe ſtets nationale Vorteile auf Koſten der deut⸗
2560 3582 3629 3630 ſchen Bevölkerung verſchafft und auf dieſe Art ſich die
2551 3627 3630 3673 deutſchfeindlichen Stimmen erkauft. Rechnet man die
2560 3672 3626 3718 Zahl der Nichtdeutſchen in Wien ab, ſo verbleibt eine
2554 3715 3578 3763 deutſche Bevölkerung von etwa 800 000 Einwohnern.
2642 3787 3629 3832 Damit erhält man erſt von der Schwere unſeres
2555 3831 3631 3878 Kampfes in der „marxiſtiſchen Domäne der Donau⸗
2553 3876 3630 3922 länder“ ein richtiges Bild und ſchätzt unſere Erfolge um
2560 3919 3633 3967 ſo höher ein, zumal die Heimwehren vor den Wahlen
2560 3965 3624 4011 ſich als einzig wirkſame Kerntruppe gegen den Auſtro⸗
2559 4010 3627 4056 Marxismus bezeichneten und ſich als ſolche den mar⸗
2559 4053 3627 4101 xiſtenfeindlichen Wählern angeprieſen hatten. In den
2560 4097 3632 4144 letzten Wochen mußten unſere öſterreichiſchen Vollsge⸗
2559 4141 3622 4189 noſſen die Erfahrung machen, daß die Heimwehren,
2551 4186 3630 4233 ebenſo wie die bürgerlichen Parteien in der Republik
2551 4231 3622 4278 von Weimar, keinen Angriffsblock gegen den Marxismus,
2560 4277 3623 4323 ſondern lediglich ein Gemenge vielſeitiger Intereſſen⸗
2560 4321 3632 4368 gruppen bilden. Dagegen greift der Nationalſozialismus
2551 4365 3625 4412 unter der energiſchen Führung Frauenfeld's konſequent
2556 4409 3623 4456 die Stellung des Marxismus in ſeiner eigenen „Donau⸗
2554 4453 3623 4501 Domäne“ an und drängt ihn in die Verteidigung zurück.
2637 4524 3628 4573 Wir wiſſen, daß in ganz Öſterreich nur unſere Welt⸗
2560 4570 3624 4617 anſchauung Zukunft hat. Denn wir ſind dort die einzige
2559 4614 3627 4662 Bewegung, die aufrichtig und ernſtlich einen Anſchluß er⸗
2559 4658 3629 4706 ſtrebt. Längſt bevor Frankreich die Sudetendeutſchen Ge⸗
2556 4703 3625 4748 biete mit etwa 3,5 Millionen Deutſchen der Tſchecho⸗
2560 4748 3624 4795 ſlowakei einverleibte und ein zerſtückeltes Öſterreich als
2559 4792 3625 4840 lebensunfähigen „Staat“ von Deutſchland iſolierte, hat
2553 4837 3629 4884 der Nationalſozialiſtiſche Abgeordnete Hans Knirſch in
2552 4882 3625 4928 der Wiener Nationalverſammlung im Oktober 1918 den
2559 4926 3626 4974 Anſchluß gefordert und erklärt: Die Exiſtenz aller Deut⸗
2560 4970 3627 5019 ſchen in Öſterreich iſt nur durch Verbindung mit Deutſch⸗
2552 5014 3627 5062 land zu einem einzigen Staat, zu einem „ſozialen All⸗
2550 5063 2964 5107 deutſchland“ geſichert.
