4108 5468
310 163 457 207 Seite 6
1674 162 2320 208 Das Hakenkreuz⸗Banner
3480 173 3679 218 Nr. 1/1931
337 277 2500 555 Aus der Rheinebene
630 623 1058 688 Die beleidigte
419 698 1247 769 Neue Mannheimer Zeitung.
387 809 1374 853 Vor wenigen Tagen ſpielte ſich vor dem Mann⸗
306 852 1375 897 heimer Gericht ein Prozeß ab, der wohl einzigartig in
296 897 1373 942 der Zeitungsgeſchichte daſtehen dürfte. Ein Leſer der
300 942 1375 986 NM3., der ſchon 20 Jahre Abonnent war, beſtellte die⸗
304 986 1376 1031 ſelbe ab und ſchrieb auf Befragen den Grund ſeiner Ab⸗
303 1030 1376 1076 beſtellung. In dieſem Brief warf er der politiſchen Re⸗
297 1076 1371 1119 daktion der NM3. vor, „daß ſie ſich bewußt auf die
298 1120 1377 1164 Seite der Novembermänner ſtelle, daß ſie kein National⸗
305 1164 1368 1210 gefühl beſäße uſw.“. Dies führte zur Verurteilung
304 1210 663 1254 wegen Beleidigung.
382 1258 1368 1303 Es iſt Tatſache, daß die Neue Mannheimer Zeitung
303 1303 1375 1348 ſchon jahrelang die nationale Bewegung und insbeſondere
294 1347 1374 1392 den Nationalſozialismus mitunter in einer Art und
302 1391 1366 1437 Weiſe bekämpft, die ihrer abſolut bürgerlichen Einſtel⸗
294 1436 1371 1483 lung und ihrer Baſſermann'ſchen Tradition nicht ent⸗
296 1480 1372 1526 ſpricht. Beſonders vor der Reichstagswahl ſchrieb die
294 1525 1374 1570 Neue Mannheimer Zeitung im ſelben Jargon, wie die
296 1569 1373 1616 marxiſtiſche Preſſe. Nach den Wahlen verſuchten die
295 1615 1373 1660 Herren auf ſachlichere Art den Nationalſozialismus zu
301 1658 1372 1703 bekämpfen, um in verſteckter Weiſe den Nationalſozialis⸗
296 1702 1368 1749 mus zu treffen. Dafür hat die Volkspartei die größte
301 1746 1372 1794 Schlappe bei den Wahlen erlitten, was die beſte Ant⸗
301 1792 1375 1837 wort auf ihre Hetzereien war. So wird eine Partei zur
300 1835 1372 1882 Splitterpartei in der Stadt liberaler Tradition. Einmal
301 1880 1363 1928 ſind wir bauernfeindlich, ein andermal beamtenfeindlich,
296 1926 1371 1970 ein drittes Mal arbeiterfeindlich, — je nach Bedarf der
295 1969 1368 2016 Neuen Mannheimer Zeitung. Während der Zeit des
295 2015 1369 2062 Volksbegehrens wurde die geſamte nationale Bewegung
295 2059 1376 2106 in Deutſchland lächerlich gemacht und der Youngplan
296 2103 1372 2152 geprieſen, obwohl die Herren heute von Reviſion und
291 2147 1372 2195 Unerfüllbarkeit reden. Jeder nationalgeſinnte Mann⸗
300 2192 1370 2240 heimer weiß, daß die NM3. immer in den Reihen derer
299 2237 1362 2285 ſtand, die den Nationalſozialismus ſchärftens bekämpfen.
382 2281 1367 2327 Uns erinnert der Prozeß an eine Aufklärungsver⸗
299 2325 1370 2374 ſammlung des Central⸗Vereins deutſcher Staatsbürger
299 2368 1370 2418 jüdiſchen Glaubens, die im Mannheimer Palaſthotel
299 2413 1369 2463 ſtattfand. Zu dieſer Verſammlung waren alle dem CV.
294 2457 1372 2507 als zuverläſſig bekannten Redakteure eingeladen. In
295 2502 1363 2551 der Verſammlung ſelbſt wurde beraten, wie der Natio⸗
1457 621 2520 665 nalſozialismus zu bekämpfen iſt. Es wurden „Tips“
1460 666 2527 711 gegeben, Material verteilt, und die Herren Redakteure
1451 710 2528 755 wurden gebeten, nichts zu bringen, was Propaganda
1461 756 2142 800 für die Hitlerbewegung ſein könnte.
1545 799 2527 847 In dieſer Verſammlung war der Herr Chefredakteur
1453 844 2524 888 der Neuen Mannheimer Zeitung, Herr Kurt Fiſcher.
1453 888 2525 934 Das ſagt uns genügend: Was die Juden vom CV.
1457 933 2525 978 ſagten, wurde auch eingehalten, das kann man einwand⸗
1460 976 2524 1023 frei in der Preſſe feſtſtellen. Vor der Reichstagswahl
1452 1022 2520 1066 war die NMZ. mit in vorderſter Front im Kampfe
1454 1065 2529 1112 gegen den Nationalſozialismus. Vielleicht ſehen wir uns
1451 1111 2523 1153 wieder einmal in einer CV.⸗Verſammlung unter „zu⸗
1451 1156 1944 1200 verläſſigen“ Redakteuren!
1547 1199 2525 1245 Intereſſant iſt jedenfalls im Anſchluß daran ein
1452 1243 2525 1288 Recontre, das in dieſen Tagen zwiſchen einer deutſchen
1451 1289 1709 1334 Zeitung, dem
1503 1331 2482 1379 „Fridericus“ und der Neuen Mannheimer Zeitung
1457 1373 2414 1427 ſpielt. — Die Neue Mannheimer Zeitung ſchrieb:
1548 1421 2523 1466 „Da der „Fridericus“ gemeinhin eine nicht allzu
1447 1468 2107 1512 lautere Quelle zu ſein pflegt ...“
1545 1510 2223 1556 Daraufhin ſchrieb der „Fridericus“:
1548 1555 2515 1603 „Ich fordere die Neue Mannheimer Zeitung auf,
1450 1599 2522 1645 den Beweis für ihre Behauptungen anzutreten. Tut ſie
1450 1643 2523 1689 es nicht —, und ſie wird es nicht tun, weil ſie es nicht
1448 1689 2523 1734 tun kann —, ſo ſei ihr beſcheinigt, daß ſie in unver⸗
1455 1732 2514 1780 ſchämteſter Weiſe wider beſſeres Wiſſen gelogen, alſo
1448 1780 1759 1823 verleumdet hat.“
1533 1820 2524 1867 Die Neue Mannheimer Zeitung ſchrieb nach ihrem
1456 1866 2525 1914 gewonnenen Beleidigungsprozeß gegen Herrn Renninger
1448 1910 2523 1957 „Die NMZ. läßt ſich nicht beleidigen“. Deshalb dürfen
1446 1955 2523 2003 wir geſpannt ſein, wann die NMZ. klagt. Für den
1446 2000 2523 2047 Fall, daß die Neue Mannheimer Zeitung den betr.
1448 2044 2525 2090 Artikel im Fridericus nicht geleſen haben ſollte, ſchrieb
1451 2088 2517 2133 der Stadtverordnete Quirin an die NMZ. einen Brief,
1449 2135 2007 2180 in dem es am Schluß heißt:
1545 2177 2511 2225 „Ich nehme an, daß Sie Ihr Prinzip hochhalten,
1538 2222 2512 2269 und ſich auch in dieſem Falle nicht beleidigen laſſen
1537 2266 2513 2312 werden. Ihre Leſer werden wohl aus Ihrer öffent⸗
1533 2310 2512 2358 lichen Stellungnahme in dieſem Falle erſehen können,
1533 2352 2515 2402 ob Sie ſich in dieſem Falle beleidigen laſſen müſſen“.
1542 2406 2521 2454 Herr Chefredakteur, Sie haben das Wort. — Und
1452 2451 2395 2499 viele Ihrer Abonennten warten geſpannt darauf.
2401 2500 2473 2533 a a.
2864 278 3424 399 Palaſthotel.
2926 428 3636 477 Mannheim, den 29. Dezember 1930.
2695 488 3570 540 An den Stadtrat der Hauptſtadt Mannheim.
2695 541 3680 590 Die Rathausfraktion der nationalſozialiſtiſchen deut⸗
2615 586 3458 634 ſchen Arbeiterpartei ſtellt folgende Anfrage:
2696 630 3342 673 Der Stadtrat wolle beantworten:
2696 675 3680 722 Zum neuen Jahre werden auf Grund der Notver⸗
2606 720 3676 767 ordnung neue Steuern eingeführt. Wir fragen an, was
2606 763 3402 811 bisher mit unſerem Gelde gemacht wurde.
2700 808 3675 856 Zunächſt folgende Fragen: Wie groß iſt das Geſamt⸗
2603 853 3339 900 defizit des Mannheimer Palaſthotels?
2696 898 3671 944 Warum wurde die Hotelverpachtung nicht öffent⸗
2604 943 3677 988 lich ausgeſchrieben, wie ſich das bei einem ſtädt. Unter⸗
2601 986 2920 1030 nehmen gehört?
2691 1032 3680 1077 Wurde außer dem üblichen Pachtvertrag noch ein
2612 1074 3669 1120 Geheimvertrag abgeſchloſſen? — Wurde dieſer Pacht⸗
2611 1120 2931 1163 vertrag gemacht?
2691 1164 3677 1209 Warum wird er, nachdem er gemacht iſt, nicht ver⸗
2601 1209 2820 1254 öffentlicht?
2693 1253 3674 1297 Sollte es ſtimmen, daß die Stadt nicht einmal die
2604 1297 3678 1343 Zinſen herauswirtſchaftet, — ja, ſogar daraufbezahlt?
2691 1342 3675 1387 Iſt es wahr, daß die Stadt außer den ℛℳ 260 000
2610 1386 3678 1431 für Amortiſation und Grundſteuern, den beiden Pächtern
2609 1431 3667 1475 noch das Gas, die Heizung und die Beleuchtung bezahlt,
2609 1476 3674 1519 ferner für die ganze Dauer des Vertrages, für das ge⸗
2607 1520 3258 1564 ſamte Mobiliar aufkommen muß?
2690 1564 3674 1608 Außerdem möchten wir wiſſen, warum das Hotel
2603 1608 3668 1652 überhaupt gebaut wurde, wo doch von den Mannheimer
2606 1653 3666 1696 Hoteliers der Stadt in einem Brief nachgewieſen wurde,
2606 1693 3674 1745 daß ihre Hotels nur von 58—60 % , ja, einige ſogar
2604 1743 3283 1786 nur von 35—40 % belegt waren?
2688 1785 3675 1830 Der Stadtverwaltung wurden dieſe Fragen mitge⸗
2601 1830 3540 1877 teilt, geantwortet hat dieſe bis heute noch nicht.
2688 1874 3670 1919 Wir erſuchen um baldige Antwort, die in jedem
2604 1919 3671 1963 Falle im Intereſſe der Stadtverwaltung, der Umlage⸗
2605 1964 3404 2009 gelder und verſchiedener Berufsſtände liegt.
2983 2007 3620 2052 Feith, Dr. Orth, Runkel, Störtz.
2689 2099 3666 2147 Neu erſchienen. Eine aufſehenerregende Enthüllung
2599 2143 3672 2190 über die neudeutſche Juſtiz. Ein Buch, das jeder Deutſche
2596 2193 2856 2234 beſitzen muß:
2796 2235 3487 2321 „Gefeſſelte Juſtiz“
2603 2329 3665 2376 Politiſche Bilder aus Deutſcher Gegenwart von Gott⸗
2604 2373 3671 2419 fried Zarnow. Preis ℛℳ 3.60 broſch., Leinen geb.
2595 2416 3673 2465 ℛℳ 5. —. Z. F. Lehmanns⸗Verlag, München. Zu haben
2596 2461 3668 2507 in der Völkiſchen Buchhandlung, Mannheim, P 5, 13 a.
316 2658 2477 2979 Von der Bergſtraße
578 2998 1069 3085 Zum Geleit!
377 3120 1364 3167 Am heutigen Tage wird ein neues Banner in der
292 3164 1366 3209 Nordecke Badens entrollt, und da dürfen auch wir
295 3209 1362 3256 Weinheimer nicht fehlen als Träger und Schirmer des
289 3254 1249 3304 neuen Wahrzeichens der deutſchen Freiheitsarmee.
378 3298 1370 3344 Der Name Weinheim hat in Baden und darüber
294 3342 1363 3389 hinaus im Reich ſchon immer einen guten Klang ge⸗
294 3385 1363 3435 habt. Als man anderwärts noch im ſüßen Dornröschen⸗
290 3430 1366 3480 ſchlaf den Dingen entgegenträumte, haben hier ſchon
290 3474 1362 3524 früh aufrechte Männer und kampfesfrohe deutſche Jugend
290 3523 1007 3567 das Banner Adolf Hitlers entfaltet.
376 3564 1362 3613 Weißt du noch, Kamerad, wie wir damals mit 6
289 3609 1360 3656 oder 8 Mann zuſammenſaßen, glücklich ein Nebenzimmer
290 3652 1365 3704 gefunden zu haben, in dem man uns aufnahm. Wie wir
288 3697 1366 3748 nichts hatten als unſeren Glauben, unſeren Willen und
286 3743 1362 3789 die Erkenntnis von dem furchtbaren Niedergang unſeres
288 3788 1362 3835 Volkes. Die Jugend war es, die zurſt den Weg zu uns
293 3831 1362 3881 fand. Und als wir zum erſten Mal in der Windjacke
293 3875 1364 3927 gen Bruchſal fuhren zum Deutſchen Tag, da waren wir
285 3917 1362 3969 mit unſeren 40 Mann ſchon eine Gruppe, die ſich die
288 3968 1106 4014 Achtung von Freund und Feind erzwang.
374 4009 1360 4058 Und wißt ihr noch, ihr alten Kameraden von der
285 4051 1354 4101 S. A., wie wir zum erſten Parteitag nach Karlsruhe
293 4097 1363 4149 fuhren und dort durch unſere Zahl und Strammheit
288 4142 1361 4192 Aufſehen erregten? Wie uns der Gauleiter für unſer
289 4186 1291 4237 Auftreten und unſere Arbeit den Dank ausſprach?!
376 4232 1367 4280 Und ihr, die ihr heute unſere überfüllten Verſamm⸗
288 4276 1362 4327 lungen ſeht, mögt bedenken, daß dieſer Erfolg nur
288 4320 1361 4370 durch jahrelange intenſive Arbeit erreicht werden konnte.
288 4364 1358 4412 Wer von uns Alten denkt nicht daran, daß Pg. Straſſer,
284 4408 1361 4457 den wir kürzlich in der überfüllten Feſthalle hören
286 4452 1364 4504 durften, einſtmals in einer mehr wie ſchlecht beſuchten
284 4500 1034 4549 Verſammlung in der Eintracht ſprach!
372 4546 1361 4594 Glückliche Umſtände haben der Weinheimer Bewe⸗
285 4592 1362 4641 gung innere Kämpfe erſpart. Der Führergedanke, der
283 4636 1356 4683 von uns in ſeiner Bedeutung frühzeitig erkannt wurde,
285 4680 1358 4730 ging Führer und Gefolgſchaft in Fleiſch und Blut über.
284 4725 1359 4772 Wo Zwietracht geſät wurde, prallte ſie ab an der eiſernen
290 4769 1359 4817 Disziplin und Treue der alten bewährten Parteigenoſſen.
374 4812 1358 4860 Die S. A. unter verantwortungsbewußter Führung
288 4858 1361 4906 ſtehend tat jahraus jahrein ihren Dienſt, dem eiſernen
289 4902 1363 4951 Geſetz der Pflicht gehorchend, in enger Fühlung mit der
288 4947 1359 4996 politiſchen Leitung. Noch heute ſtehen die alten Kämpfer
280 4991 1359 5037 in der Front der S. A. als Vorbild für jüngere Kame⸗
283 5037 1135 5081 raden und Wahrer unſerer ſtolzen Tradition.
367 5079 1360 5127 In gemeinſamer Front mit der S. A., mit ihr auf
1447 2993 2512 3042 Gedeih und Verderb verbunden, ſteht die S. S. Durch
1440 3038 2510 3086 Strammheit und abſolute Zuverläſſigkeit hat auch dieſe
1437 3084 2513 3131 Formation ſich raſch das Vertrauen der übergeordneten
1444 3133 1774 3175 Stellen erworben.
1534 3171 2515 3219 In neuerer Zeit entſtand auch ein mächtig aufblühen⸗
1440 3216 2507 3264 der Deutſcher Frauenorden. Durch vorbildliche Leitung
1438 3261 2510 3310 und begeiſterte Mitarbeit konnte dieſe Frauenorganiſation
1445 3306 2512 3354 auf der einen Seite durch ſtille ſoziale Arbeit und dann
1441 3349 2512 3398 durch die Veranſtaltung einer Niklausfeier für die Partei⸗
1444 3394 2515 3441 kinder und S. A.⸗Beſcheerung der Bewegung unſchätz⸗
1441 3444 1808 3487 bare Dienſte leiſten.
1528 3484 2514 3528 Mit den Gemeindewahlen vom 14. Sept. ſind wir
1436 3528 2510 3575 durch 4 Stadträte und 21 Stadtverordnete die ſtärkſte
1443 3572 2514 3621 Partei auf dem Weinheimer Rathaus geworden. Unſere
1437 3616 2510 3662 aus allen Ständen und Berufen zuſammengeſetzte Rat⸗
1444 3661 2513 3710 hausgruppe wird nach beſtem Wiſſen und Gewiſſen die
1443 3708 2174 3754 Belange der Einwohnerſchaft vertreten.
1525 3750 2507 3796 Die Neue Zeitung ſoll nun ein weiteres Bindemittel
1445 3793 2513 3843 zwiſchen Partei, Anhängern und Wählern werden. Sie
1445 3838 2506 3887 wird zu den Vorgängen, die die Weinheimer Bevölkerung
1436 3882 2511 3931 intereſſieren, Stellung nehmen und ſo ein unentbehrliches
1445 3926 2506 3975 Rüſtzeug für jeden Freund und Anhänger der Bewegung
1437 3971 2517 4018 in Weinheim ſein. Sie ſoll mit dafür ſorgen, daß Wein⸗
1444 4016 2516 4063 heim eine Hochburg des Nationalſozialismus bleibt, wie
1444 4059 2504 4107 es der ſtolzen Tradition unſerer ſchönen Stadt entſpricht.
1699 4152 2248 4217 Nach den Wahlen.
1520 4228 2509 4276 Nachdem wir Nationalſozialiſten mit 21 Mann die
1443 4272 2511 4321 ſtärkſte Fraktion auf dem Weinheimer Rathaus geworden
1434 4318 2508 4366 waren, gab es kaum eine Möglichkeit, uns den vierten
1433 4362 2505 4410 Stadtratsſitz zu rauben. Die badiſche Gemeindeordnung
1443 4405 2511 4455 begünſtigt mit ihrem Berechnungsverfahren ſehr ſtark die
1446 4450 2502 4500 großen Parteien und Zentrum und Sozialdemokraten,
1437 4493 2508 4543 die einſt dieſe Gemeindeordnung geſchaffen haben, haben
1434 4539 2508 4587 wohl damals nicht daran gedacht, daß auch wir National⸗
1443 4582 2512 4633 ſozialiſten einmal aus dieſer Tatſache Nutzen ziehen
1440 4635 1593 4674 könnten.
1526 4671 2513 4718 Jeder, der die Gemeindeordnung und das Ausrech⸗
1441 4717 2503 4766 nungsverfahren kannte, mußte ſich auch darüber klar ſein,
1442 4762 2511 4811 daß wir Nationalſozialiſten nicht in der Lage waren, an
1442 4806 2511 4856 irgend jemand Stimmen abzugeben. Man kann nur
1435 4850 2513 4898 Stimmen abgeben, wenn man welche übrig hat. Niemand
1436 4894 2513 4941 konnte von uns verlangen, daß wir unſeren 4. Stadtrat
1440 4938 2515 4989 für eine andere Partei opfern würden und wir müſſen
1434 4983 2508 5032 die Vorwürfe, die gegen uns von gewiſſer bürgerlicher
1433 5027 2510 5076 Seite offen und geheim erhoben werden, auf das Ent⸗
1440 5076 1880 5121 ſchiedenſte zurückweiſen.
2629 2627 3075 2709 MUSIK
3607 2653 3642 2688 31
2622 2744 2852 2783 Platten
3105 2709 3643 2802 Egon Winter
2747 2789 3035 2831 Apparate
3102 2801 3549 2844 N 2, 12, Mittelstraße 9
2903 2831 3081 2872 Radio
3103 2847 3409 2879 MANNHEIM
2683 2921 3664 2966 Von anderer bürgerlicher Seite hatte man an unſeren
2594 2966 3658 3010 Kanditaten etwas auszuſetzen. Man fand es unerfreu⸗
2595 3010 3666 3057 lich, daß keiner unſerer Stadträte aus den ſogenannten
2593 3054 3656 3101 beſſeren Kreiſen ſei. Wir wollen dazu nur feſtſtellen, daß
2592 3097 3656 3145 man es ſchon uns überlaſſen muß, wen wir für fähig
2593 3142 3661 3190 halten, unſere Bewegung im Stadtrat zu vertreten. Die
2593 3187 3656 3234 Männer, die wir gewählt haben, ſind Nationalſozialiſten
2593 3231 3656 3277 und werden an ihrem Platz ihre Pflicht tun. Davon ſind
2593 3281 2855 3323 wir überzeugt.
2677 3329 3656 3376 Für unſere Anhänger und Freunde, die Anregungen
2589 3372 3657 3421 und Wünſche an unſere Stadträte weiterzuleiten haben,
2592 3416 3661 3466 ſei bekanntgegeben, daß jeder Stadtrat beſondere Gebiete
2589 3461 3661 3507 bearbeitet und bei entſprechenden Fällen Sachbearbeiter
2591 3510 3088 3553 der Fraktion iſt und zwar:
2635 3557 3667 3607 Pg. Oswald: Steuerfragen. Angelegenheiten des Mittel⸗
2726 3602 3661 3651 ſtandes, des Gewerbes und der Induſtrie. Außer⸗
2720 3646 3658 3693 dem als Fraktionsführer allgemeine politiſche
2725 3696 2867 3743 Fragen.
2636 3743 3504 3793 Pg. Bechtold: Alle landwirtſchaftlichen Fragen.
2635 3796 3656 3846 Pg. Bartels: Fürſorgeweſen. Angeſtellten⸗ u. Beamten⸗
2725 3844 3071 3889 fragen. Bauſachen.
2635 3894 3439 3943 Pg. Böhler: Arbeiterfragen. Städt. Werke.
2674 3946 3661 3993 In Anbetracht der Wichtigkeit des Fürſorgeweſens
2589 3989 3662 4038 und der Kriegsbeſchädigtenverſorgung hat die Orts⸗
2592 4034 3655 4085 gruppenleitung noch eine beſondere Auskunftsſtelle für
2587 4078 3662 4129 dieſe Frage geſchaffen, die von dem Parteigenoſſen Stadt⸗
2590 4121 3662 4171 verordneter Meyerhöfer betreut wird. Pg. Meyerhöfer
2590 4168 3484 4214 ſteht unſeren Freunden jederzeit zur Verfügung.
2758 4238 3496 4288 Herabſetzung der Stadtratsvergütungen.
2681 4291 3655 4340 Unſere Fraktion hatte für die erſte Stadtratsſitzung
2588 4335 3661 4385 einen Antrag auf Herabſetzung der Stadtratsdiäten ein⸗
2591 4378 3653 4431 gebracht. Da die Sitzungen des Stadtrates geheim ſind,
2588 4423 3659 4471 können wir nur melden, daß die Vergütung für einen
2588 4466 3661 4515 Stadtrat in Weinheim pro Jahr 50 Pfennig beträgt. Wir
2591 4509 3660 4563 freuen uns, einen derart vorbildlich ſparſamen Stadtrat
2584 4564 2773 4608 zu haben.
2817 4602 3428 4648 Gehälter der Gemeindebeamten.
2675 4661 3653 4710 Die Stadtratsfraktion hat ſich auch in einem Antrag
2586 4706 3659 4755 mit den Gehältern der Gemeindebeamten in den oberen
2590 4749 3657 4801 Gruppen befaßt. Mangels geſetzlicher Möglichkeiten und
2584 4794 3661 4846 durch die Ablehnung unſerer Vorſchläge durch den Ge⸗
2583 4838 3659 4888 meindebeamtenverband war unſer Vorgehen nicht von
2588 4882 3653 4934 Erfolg begleitet. Es wird die Aufgabe unſerer Bewegung
2586 4926 3658 4980 ſein, durch entſprechende geſetzliche Neuregelungen in Land
2584 4971 3664 5022 und Reich zu verhindern, daß ein badiſcher Bürgermeiſter
2590 5015 3653 5067 mehr verdienen kann wie ein Miniſter in Braunſchweig
2584 5068 2900 5111 oder Thüringen.
