4057 5460
285 193 439 236 Seite 2
1647 193 2286 243 Das Hakenkreuz⸗Banner
3451 211 3659 252 Nr. 1/1931
286 296 1356 347 Bankjuden und wenn etwas übrig bleibt
279 342 1351 392 dann — kauft Herr Gröner vielleicht gol⸗
272 387 1359 438 dene Uhren oder irgend ein Miniſter be⸗
275 433 1348 480 kommt ſeine „Dienſtwohnung“ renoviert,
261 479 1351 528 oder ein Teeabend mit „beſtangezogenen“
274 521 1350 568 Frauen ſteigt, oder — uns brennt immer noch der
270 565 1355 621 Hunger im Magen, uns frieren die Füße und in unſeren
281 610 843 658 Baracken huſchen die Ratten.
375 658 1348 705 Wir vertrauen euch nicht mehr, verehrte Herrſchaften!
276 700 1364 748 Joſeph Mirth, der Erzengel der Republik, hat einmal ge⸗
278 742 1355 794 ſchrieben: „Die Kriſe der deutſchen Republik iſt das
275 790 1355 835 Fehlen des Vertrauens. Ein wirklich gutes Wort. Keiner
274 835 1346 881 glaubt es euch mehr. Alle ſind ſie davon überzeugt, daß
275 878 1345 926 ihr nur nehmen, nicht aber ſchöpferiſch aufbauen könnt.
359 923 1345 973 Die Sozen wollen mit den Kommuniſten zuſammen
275 968 1345 1013 — Vermögen über eine halbe Million um ein fünftel
274 1013 1345 1057 wegſteuern. Bei lauter ehrlichen Menſchen eine ſchöne
276 1054 1344 1101 Sache. Durchaus begrüßenswert. Aber wenn die Roten
276 1099 1345 1146 und die Schwarzen das machen, muß dann der Herr
261 1141 1343 1191 Sklarz und Kutisker und Barmat und Nientimp und
277 1185 1345 1238 Böß lch bezahlen? Wir fürchten, daß ihr die ſchaffenden
277 1235 1342 1279 Deutſchen vernichtet, preisgebt, weil ihr das ſeit zehn
277 1278 503 1322 Jahren tut.
359 1317 1342 1371 Wir haben gewarnt und da ſeid giftig geworden.
276 1366 1339 1413 Nun werden wir prinzipiell: wenn ihr Steuern fordert,
275 1410 1343 1457 dann ſagen wir nein, weil ihr ſie fordert. Die Mehrheit
274 1455 1341 1501 des deutſchen Volkes denkt ſo wie wir. Ihr könnt es
275 1502 1346 1545 probieren. Schreibt Neuwahlen aus und ihr werdet euer
274 1546 1340 1590 Wunder erleben. Euch glaubt keiner mehr. Ihr ſeid zu
274 1590 1339 1635 abgebrüht, als daß eure wohleinſtudierte Reue echt wirken
272 1635 1344 1679 würde. Eure Deſpotenherrlichkeit kracht zuſam⸗
273 1679 1338 1723 men. Morgen? Übermorgen? Wir wiſſen es nicht und
274 1724 690 1767 wollen es nicht wiſſen.
364 1768 1337 1813 Unſer Kampf gilt der Nation, dem Volk, gilt dem
272 1809 1337 1862 Aufbau. Aber an euch und eurem Dreck gehen
269 1858 830 1900 wir vorbei und lächeln.
361 1902 1335 1945 Ihr habt die rohe Gewalt und den Gummiknüppel,
269 1947 1334 1991 die Judenpreſſe und die zweifelhafte Kunſt der Lüge,
273 1992 838 2036 Waffen die euer würdig ſind.
358 2037 1334 2079 Wir haben den Glauben und den Willen aus den
271 2080 1335 2124 deutſchen Finanz⸗ und Judenknechten ein deutſches Volk
270 2125 1335 2169 zu machen und jeder einzelne von uns kann getroſt die
268 2169 1118 2213 Worte von Caſſius in Julius Cäſar ſprechen.
403 2222 1226 2266 Darin, ihr Götter, macht ihr Schwache ſtark,
403 2266 1166 2310 Darin, ihr Götter, höhnet ihr Tyrannen:
402 2310 1264 2355 Nicht Felſenburg, noch erzgetriebene Mauern,
401 2355 1182 2398 Nicht dumpfe Kerker noch der Ketten Laſt
401 2399 1225 2443 Sind Hinderniſſe für die Macht des Geiſtes.
1185 2453 1285 2496 hewo.
375 2602 1217 2685 Diftatur und Zentrum.
355 2714 1338 2760 Trotz des eindeutigen Mißtrauensvotums, welches
268 2761 1335 2805 das deutſche Volk am 14. September 1930 der Regierung
264 2800 1332 2846 Brüning ausgeſprochen hat, verſuchen Zentrum und So⸗
258 2844 1331 2893 zialdemokratie krampfhaft am Regierungstiſch auszu⸗
264 2889 1343 2935 halten. Sie teilen die Machtpoſitionen und die Futter⸗
263 2935 1330 2982 krippe in zwei Intereſſenſphären: Preußen und Reich.
270 2979 1333 3025 Anfangs glaubten ſie auf dieſer Grundlage, die national⸗
266 3024 1333 3073 ſozialiſtiſche Bewegung auf kaltem, legalem Wege ab⸗
263 3069 1329 3114 zuwürgen. Aber ihre Berechnungen und Wünſche haben
268 3111 1330 3161 ſich heute ſchon als trügeriſch erwieſen. Die Mehrheit
264 3158 1330 3205 im Reichstag iſt für das Kabinett von 80 Stimmen
257 3204 1330 3249 im Oktober auf nicht ganz 40 Stimmen im Dezember
264 3248 1330 3295 geſunken. Die Wirtſchaftspartei verließ als erſte Ratte
266 3293 1340 3338 das ſinkende Schiff. Auch das Mäuschen, Volkskonſer⸗
266 3337 1333 3384 vative Partei, ſieht ſich nach einem Rettungsboot um.
266 3381 1336 3428 Welch eine Enttäuſchung für Herrn Treviranus! Statt
267 3426 1329 3472 politiſcher Kapitän eines Staatsſchiffes zu werden, muß
1432 298 2499 353 er ſich mit der Führung eines Rettungsbootes zufrieden
1431 348 2502 397 geben, das über kurz oder lang von den immer höher
1435 390 2499 446 ſteigenden Wellen des Nationalſozialismus verſchlungen
1437 437 1533 481 wird
1527 487 2500 538 Sogar das evangeliſche Zentrum und die Volkspartei
1437 534 2498 583 verſuchen zu revoltieren. Die Letztere mußte — wie die
1415 581 2501 628 übrigen bürgerlichen Mittelparteien — aus den Wahlen
1438 624 2503 674 nach dem 14. September in Oldenburg, Baden, Mecklen⸗
1437 669 2496 720 burg und Bremen erkennen, daß ihr Zerfall nicht mehr
1427 714 2503 762 aufzuhalten iſt. Ebenſo hat der Marxismus bei den ge⸗
1434 759 2498 806 nannten Wahlen ſo ſtarke Verluſte zu Gunſten des
1434 803 2495 850 Nationalſozialismus zu verzeichnen, daß das Zentrum
1431 847 2494 895 ſeine Stützen zur Rechten und zur Linken wanken ſieht.
1437 893 2499 938 Die Zentrumsführer müſſen einſehen, daß das Kabinett
1427 937 2494 983 Brüning auf die Dauer mit parlamentariſchen Mitteln
1434 983 2492 1027 und ſelbſt mit dem § 48 der Weimarer Verfaſſung dem
1434 1027 2503 1071 Nationalſozialismus gegenüber ſich nicht halten kann
1425 1071 2497 1116 und bald vor die Frage geſtellt wird: Abdankung oder
1434 1115 1747 1159 offene Diktatur.
1519 1168 2504 1213 Wird es dem Zentrum gelingen, mit Hilfe einer
1430 1212 2503 1257 Diktatur den Nationalſozialismus zu vernichten? Zu⸗
1430 1257 2491 1303 nächſt beſagt der Ausdruck Diktatur ebenſowenig wie
1432 1298 2495 1349 die Worte Republik und Monarchie. Die Diktatur einer
1432 1346 2490 1394 Minderheit kann nur die Führung eines Volkes feſt in
1427 1387 2489 1435 der Hand halten, ſo lange in dieſer Minderheit, der
1430 1435 2499 1479 Stütze der Diktatur, mehr als die Hälfte der Willens⸗
1424 1480 2491 1524 und Tatkräfte und der Lebensenergie des geſamten Volkes
1428 1524 2488 1568 enthalten iſt. Diktatur einer Minderheit bedeutet Kon⸗
1430 1569 2488 1613 zentration der Kraft, Energie und Opferbereitſchaft in
1430 1614 2488 1657 den Trägern derſelben. Ein Diktator kann nicht von
1430 1658 2488 1701 oben eingeſetzt werden durch ein Gremium, das die Füh⸗
1430 1702 2491 1746 lung mit dem Volke verloren hat. Ein Diktator kann
1429 1746 2495 1790 nur dann ſich behaupten, wenn er von unten aus der
1430 1790 2490 1835 Tiefe der lebendigſten und ſittlichſten Kräfte eines Volkes
1429 1835 2487 1880 auf den Schild gehoben wird. Wird dieſe Bedingung
1429 1881 2486 1924 nicht erfüllt, ſo wird eine Scheindiktatur weniger Aus⸗
1428 1925 2485 1968 ſicht auf Beſtand haben, als ein parlamentariſches Regi⸗
1427 1970 2485 2014 ment, das durch die Mehrheit der Stimmen geſtützt
1421 2016 1685 2060 werden kann.
1516 2068 2484 2112 Wer bezweifelt heute noch, daß alle Energie und
1427 2112 2484 2157 Kraft, der ganze Lebenswille und die geſamte Opfer⸗
1424 2157 2483 2201 bereitſchaft unſeres Volkes ſich in der nationalſozialiſti⸗
1426 2201 2502 2245 ſchen Bewegung konzentriert? Immer mehr wird dem
1425 2245 2484 2289 deutſchen Volk klar, daß der Nationalſozialismus nicht
1425 2287 2483 2333 nur Partei, Bewegung und Weltanſchauung iſt, ſondern
1424 2332 2486 2379 daß der Nationalſozialismus einzig und allein den Be⸗
1424 2378 2033 2422 griff Deutſchland in ſich ſchließt.
1510 2431 2482 2475 Dieſer Energiewelle kann weder das Zentrum noch
1422 2475 2479 2520 der Marxismus einen Damm entgegenſetzen, ganz gleich,
1423 2518 2480 2564 ob dieſer Damm Demonratie oder Diktatur heißt. Das
1421 2563 2480 2608 Volk wird bald empfinden, daß ihm aus dieſen Kreiſen
1419 2606 2483 2653 kein Diktator erwächſt, der aus dem Borne der Lebens⸗
1423 2652 2479 2701 kräfte und Lebensſäfte ſeines Volkes ſchöpfen kann,
1416 2696 2478 2740 ſondern höchſtens ein Diktierender oder ein Dintierer,
1417 2738 2486 2790 deſſen ſpärliche Kraftquelle verſiegen muß, um am Ende
1418 2783 2480 2835 ſeiner Energie müde und reſigniert der lebendigeren Be⸗
1416 2829 1984 2873 wegung das Feld zu räumen.
1510 2881 2478 2926 Nicht ein „Zentrum“ in Geſtalt einer Partei, die
1407 2923 2484 2971 einſeitige Intereſſen vertritt, ſondern ein „Zentrum“ der
1421 2971 2482 3015 Kraft, des Willens und des Lebens, wie es in der na⸗
1417 3012 2481 3063 tionalſozialiſtiſchen Bewegung verkörpert iſt, wird zur
1421 3059 2480 3105 Führung eines Volkes beſtimmt ſein. Gegen dieſe ehernen
1422 3105 2479 3149 Geſetze der Natur helfen keine Unterdrückungen, keine
1421 3148 2486 3194 Verbote, keine drakoniſchen Maßnahmen. Einer Volks⸗
1419 3194 2478 3239 bewegung gegenüber, die die Intereſſen des geſamten
1421 3239 2478 3283 Volkes auf ſtreng legalem Wege vertritt, müſſen knat⸗
1421 3279 2483 3328 ternde Maſchinengewehre verſtummen und erhobene Kaut⸗
1421 3329 1855 3372 ſchukſzepter ſich ſenken.
1510 3381 2485 3425 Aus dieſer Erkenntnis heraus kann der National⸗
1421 3425 2480 3471 ſozialismus mit Ruhe, Kaltblütigkeit und Geduld den
2590 312 3650 363 politiſchen Ereigniſſen des neuen Jahres entgegenſehen.
2589 356 3650 407 Wir wiſſen, daß immer weitere Kreiſe unſeres Volkes
2585 401 3651 451 unſerem Weckhrufe folgen werden. Um unſere Fahnen
2588 446 3649 494 werden ſich Millionen um Millionen Deutſcher aus allen
2587 489 3660 542 Schichten ſcharen, denen es zur unumſtößlichen Gewißheit
2588 535 3649 585 wird, daß der Tag kommen muß, an dem über ganz
2587 578 3074 625 Deutſchland flattern wird
2801 633 3426 679 das Hakenkreuz⸗Banner!
3522 682 3600 722 f. R.
2581 762 3648 945 Die Politik der Woche
2671 964 3645 1012 Ein Nationalſozialiſt in Stuttgart ermordet. In
2578 1008 3644 1058 der Sylveſternacht überfiel nach planmäßiger Vorberei⸗
2581 1053 3644 1102 tung ein Trupp Kommuniſten eine Anzahl National⸗
2581 1097 3642 1147 ſozialiſten. Die Kommuniſten ſtürmten die Wirtſchaft,
2577 1141 3650 1191 in der die Nationalſozialiſten waren. Sie ſtachen wie die
2581 1185 3642 1234 Wilden auf die Nationalſozialiſten ein. Dabei wurde
2581 1231 3647 1280 ein Nationalſozialiſt durch einen Herzſtich getötet und
2580 1274 3298 1321 mehrere NS. teilweiſe ſchwer verletzt.
2665 1381 3643 1430 Die Stadt Koburg erhöhte die Warenhausſteuer auf
2575 1427 3357 1473 400 v. H. der ſtaatlichen Gewerbeſteuer.
2667 1533 3640 1581 In Braunſchweig wurde die Warenhausſteuer be⸗
2578 1578 3640 1626 ſchloſſen und beträgt 300 v. H. der Gewerbeſteuer. In⸗
2578 1623 3644 1671 tereſſant iſt, daß die Deutſche Volkspartei, im Gegen⸗
2578 1667 3640 1713 ſatz zu anderen Ländern, für die Warenhausſteuer ſtimmte.
2667 1768 3645 1817 In Braunſchweig wurde der Leiter der Schutz⸗
2576 1813 3638 1862 polizei, der der SPD. angehört, in den Ruheſtand
2568 1858 3641 1907 verſetzt. — Der von der SPD. nach Braunſchweig be⸗
2575 1903 3645 1949 rufene Berliner Stadtſchulrat Paulſen wurde von dem
2576 1946 3638 1995 Miniſter Franzen ſeines Lehrauftrags entbunden. Lang⸗
2575 1991 3642 2041 ſam, aber ſicher wird geſäubert, Thüringen und Braun⸗
2574 2036 2844 2080 ſchweig voran!
2663 2125 3636 2173 Die in Darmſtadt erſcheinende nationalſozialiſtiſche
2572 2169 3638 2216 Wochenſchrift „Der Heſſenhammer“ wurde erneut auf
2570 2214 3643 2260 Grund des Republikſchutzgeſetzes bis 31. März 1931 ver⸗
2565 2259 2687 2309 boten.
2657 2341 3640 2389 Der Londoner Profeſſor Keynes ſtellte feſt, daß der
2572 2385 3643 2432 Youngplan für Deutſchland eine ſchwerere Laſt ſei, als
2572 2429 3642 2476 der Dawesplan, trotzdem der Dawesplan für Deutſch⸗
2570 2474 3177 2518 land nicht erfüllbar geweſen ſei.
2659 2570 3633 2617 In Dresden wurde ein Volkshaus eingeweiht, das
2569 2615 3632 2661 von den Arbeitergroſchen der Gewerkſchaften erbaut
2569 2660 3541 2706 worden iſt. Hier die Speiſenfolge des Feſteſſens:
2684 2704 3517 2749 Gebundene Suppe von friſchen Oderkrebſen
2921 2747 3281 2792 Tharandter Schleie
2773 2793 3430 2837 mit friſcher oder zerlaſſener Butter
2871 2837 3328 2881 und Pariſer Kartoffeln.
2942 2890 3250 2935 ff. Prager Gans
2636 2934 3560 2979 mit Rotkraut und gebackenen Kartoffelhörnchen
2866 2979 3340 3024 Ananas mit Schlagſahne
2951 3024 3249 3068 oder Käſeplatte.
2996 3069 3202 3112 Weinkarte:
2978 3113 3222 3156 Schaumweine
2747 3156 3474 3201 Söhnlein Rheingold 13. —
2747 3198 3477 3248 Rotkäppchen 12. —
2743 3243 3461 3291 Rheinſekt 9. —
2658 3291 3632 3335 Was haſt Du, SPD.⸗Prolet, der Du ſtempeln
2569 3333 3640 3380 gehſt, gedacht, als Du dieſe Speiſenfolge für die Ein⸗
2567 3379 3630 3424 weihung geleſen haſt? Jedenfalls, daß die SPD. die
2568 3424 3196 3469 klaſſenbewußte Arbeiterpartei iſt.
257 3557 1335 3614 Wie Pg. Kube im Preußiſchen Landtag mit
263 3628 1336 3697 dem Innenminiſter Gevering abrechnete, der
351 3700 1246 3757 anmaßend genug war, ſich auf den
449 3771 1164 3828 Frh. vom Stein zu berufen.
355 3865 1337 3910 Die heutige Rede des Herrn preußiſchen Innenmini⸗
264 3909 1332 3955 ſters unterſcheidet ſich durch ihr begrüßenswertes Niveau
264 3953 1327 4000 außerordentlich bemerkenswert von dem Phraſendruſch,
264 3997 1334 4044 den wir geſtern am Berliner Rundfunk gehört haben. Die
262 4043 1333 4088 Ausführungen des preußiſchen Herrn Innenminiſters
265 4087 1334 4134 geben daher Anlaß, ſich mit ihm ſachlich auseinander⸗
264 4131 406 4183 zuſetzen.
354 4178 1338 4223 Ich möchte zunächſt an das anknüpfen, was er
259 4221 1328 4268 über das Schickſal des Freiherrn vom Stein in Preußen
262 4266 1331 4312 von 1807 bis 1813 geſagt hat. Der preußiſche Innen⸗
262 4311 1324 4358 miniſter mies darauf hin, daß ſich der Freiherr vom
261 4356 1335 4402 Stein verſchiedentlich vor den Verfolgungen der
263 4399 1327 4444 reaktionären Verwaltung habe verbergen müſſen. Der
264 4444 1338 4492 preußiſche Innenminiſter hat unter dem Geſetz der Stunde
264 4489 1330 4536 darauf hingewieſen, daß im nächſten Jahre ein Jubiläum
264 4535 1014 4580 des Freiherrn vom Stein zu feiern ſei.
353 4578 1326 4624 Ich bin als Nationalſozialiſt nach den Erfahrungen,
259 4624 1332 4668 die wir mit dem gegenwärtigen preußiſchen Verwaltungs⸗
263 4667 1327 4715 apparat gemacht haben, der Meinung, daß der Freiherr
256 4713 1334 4758 vom Stein ſich heute genau ſo wie damals gerade bei
257 4758 1326 4804 ſeiner ausgeſprochen nationalen Einſtellung gegenüber
260 4803 1326 4849 den preußiſchen Verwaltungsſtellen würde verbergen
262 4846 1325 4894 müſſen. Ich glaube nicht, daß die preußiſche Politik,
260 4891 1325 4938 die z. B. einen Major Heinrich unter ſich duldet, ſich
263 4934 1326 4982 durch ihre Methoden und die Art ihrer Tätigkeit wohl⸗
262 4979 1325 5025 tuend von dem unterſcheidet, was man vor mehr als
263 5025 1332 5072 hundert Jahren in Preußen Reaktion genannt hat.
263 5068 1325 5116 Im Gegenteil, ich bin der Meinung, daß das heutige
255 5114 1334 5162 Syſtem in Preußen und vor allen Dingen die ſozial⸗
1419 3550 2488 3596 demokratiſchen Verwaltungsbeamten — ich möchte da
1417 3595 2492 3640 keine beſondere Namen nennen; das iſt nicht nötig, denn
1420 3638 2477 3686 da gleieht einer dem anderen — noch weit ſchlimmer
1419 3684 2487 3730 ſind als damals. Ich bin der Meinung, daß unter dem
1419 3728 2477 3775 gegenwärtigen Syſtem deutſche Volksgenoſſen, die nicht
1415 3772 2486 3819 das Glück haben, in Preußen geboren zu ſein oder dem
1419 3817 2476 3864 Reichsverband anzugehören, weit übler und ſtärker
1418 3861 2477 3909 verfolgt werden, als ſelbſt damals irgend ein Deutſcher
1419 3907 2297 3952 im reaktionären Preußen verfolgt worden iſt.
1507 3951 2482 3996 Wenn der Freiherr vom Stein Verfolgungen er⸗
1419 3995 2475 4041 litt, der in Naſſau geborene Reichsdeutſche, ſo möge
1418 4039 2475 4086 Herr Severing heute zur Kenntnis nehmen, daß unter
1419 4082 2484 4131 ſeiner eigenen Verwaltungsbürokratie in letzter Zeit
1418 4127 2484 4176 außerordentlich viele Deutſche, die aus Sudetendeutſch⸗
1419 4172 2475 4219 land, aus Siebenbürgen und aus anderen deutſchen
1420 4216 2486 4266 Gegenden nach Preußen eingewandert ſind, die hier in
1419 4261 2483 4308 Arbeit und Brot ſtehen, und die ſelbſtverſtändlich als
1418 4305 2476 4354 Deutſche der Meinung ſind, daß ſie auch ihrer politiſchen
1419 4351 2479 4399 Anſicht Ausdruck geben können, — daß dieſe vielen
1418 4397 2480 4442 Deutſchen, weil ſie Nationalſozialiſten ſind, aus
1418 4440 2485 4487 Preußen ausgwieſen worden ſind, nachdem man
1418 4483 2476 4532 ſie langſam brotlos gemacht und zur Streche gebracht
1418 4529 2475 4576 hat. (Hört, Hört bei den Nationalſoz.) Die Sozialdemo⸗
1417 4574 2481 4620 kratie behauptet auf der anderen Seite, ſie vertrete
1417 4616 2477 4666 einen großdeutſchen Standpunkt, und einer der führen⸗
1418 4662 2480 4709 den Parteigenoſſen des Herrn Miniſters des Innern in
1418 4706 2483 4756 Preußen, der Reichstagspräſident Paul Löbe ſteht ja an
1418 4751 2477 4800 der Spitze irgendeines Bundes, der Deutſch⸗Öſter⸗
1418 4796 2476 4845 reich mit Deutſchland vereinigen will. Das iſt vielleicht
1418 4842 2480 4889 ein kleiner Anfang. Deutſch⸗Öſterreich allein würde uns
1417 4886 2477 4934 nicht genügen. Das Sudetendeutſchtum mit ſeinen
1418 4926 2475 4981 vier Millionen hat genau denſelben Anſpruch darauf,
1417 4975 2482 5022 mit dem Reiche vereinigt zu werden, wie die 7 Millionen
1419 5019 2478 5067 Deutſch⸗Öſterreicher. (Zurufe von den Kom.) — Meine
1419 5064 2475 5111 Herren von der kommuniſtiſchen Fraktion, ich möchte
1421 5108 2477 5157 Ihnen von vornherein ſagen, daß ich nicht die Abſicht
2567 3548 3630 3593 habe, mich mit Ihnen zu unterhalten. (Erneute Zurufe
2565 3593 3633 3638 b. d. Kom.) Ich will Ihnen von vornherein ſagen, daß
2567 3637 3639 3682 ich lediglich die Abſicht habe, zu politiſchen Dingen
2567 3681 3629 3727 zu ſprechen, und dazu rechne ich Sie nicht. — Ich ſtelle
2568 3726 3631 3771 folgendes feſt: Die gegenwärtige preußiſche Regierung,
2567 3770 3636 3815 auch das gegenwärtige preußiſche Syſtem verfolgt aus
2566 3815 3631 3859 rein nationalpolitiſchen Gründen deutſche Volksgenoſſen,
2567 3858 3633 3903 die aus der Tſchechoſlowakei, aus Rumänien oder anders⸗
2565 3902 3630 3948 woher in Preußen unterzukommen ſuchen. Dasſelbe
2566 3947 3636 3993 Syſtem aber befördert z. B. jüdiſche Zeitgenoſſen wie
2567 3991 3637 4036 Tedjeſſi und Hilferding, die aus den Nachfolgeſtaaten
2567 4034 3630 4081 des alten Öſterreich eingewandert ſind, in die höhere
2566 4079 3635 4126 Verwaltung hinein. Dagegen erheben wir Na⸗
2562 4125 3634 4170 tionalſozialiſten Einſpruch. Ich möchte weiter
2567 4169 3637 4215 feſtſtellen, daß vor kurzer Zeit z. B. ein Deutſcher aus
2565 4214 3635 4257 dem Baltenlande, Arno von Bötticher, der in der deut⸗
2566 4257 3634 4304 ſchen Armee für das Deutſchtum gedient hat, und der
2562 4302 3632 4347 damals vom alten preußiſchen Staate, entgegen der
2566 4346 3629 4394 heutigen Behauptung des Herrn Fitzner in Frankfurt,
2566 4390 3629 4438 in Preußen naturaliſiert worden iſt, in dieſen Tagen
2561 4435 3632 4482 wegen ſeiner politiſchen Einſtellung ausgewieſen worden
2567 4479 3634 4527 iſt. (Hört! Hört! b. d. Natſoz.) Der Betreffende iſt im
2567 4523 3631 4571 Jahre 1929 ohne Einſpruch der Behörde in den Kreistag
2567 4567 3629 4615 des Kreiſes Croſſen gewählt worden. Arno von Bötticher
2566 4611 3628 4660 hat auf Grund ſeiner preußiſchen Staatszugehörigkeit
2567 4656 3629 4705 12 Jahre lang an allen öffentlichen Wahlen in Preußen
2566 4701 3635 4750 teilgenommen, hat alſo ſeine Stimme als eingeſchriebener
2566 4746 3633 4794 Wähler abgeben können. Jetzt hat der Sozialdemo⸗
2563 4790 3634 4838 krat Fitzner gegen ihn die Ausweiſung verfügt, weil
2567 4834 3633 4885 angeblich vor 13 Jahren die Naturalien dieſes deutſchen
2562 4878 3637 4928 Soldaten aus dem Baltenland nicht ordnungsmäßig voll⸗
2566 4921 3638 4973 zogen ſei. (Hört! Hört! b. d. Natſoz.) 13 Jahre hat
2558 4967 3627 5018 alſo ein Deutſcher in dieſem Preußen leben können,
2566 5011 3635 5061 um erſt in dem Augenblick, wo er einem Menſchen wie
2567 5054 3629 5105 Fitzner unangenehm wurde, die parteipolitiſche Rache,
2844 5101 3354 5149 (Fortſetzung letztes Blatt.)
