4092 5502
3370 144 3820 201 Einzelpreis 20 Pfg.
565 316 742 394 Nr. 3
559 416 756 491 Jahrg. 1
988 287 1365 323 Offizielles Partei⸗Organ.
818 337 1527 367 Das Hakenkreuz⸗Banner erſcheint wöchentlich und koſtet
819 371 1526 402 ohne Zuſtellung 90 Pfg. Beſtellungen bei den Poſtämtern
820 407 1525 437 und bel den Briefträgern, ſowie beim Verlag, Mannheim
819 441 1527 474 P 5, 13 a. — Zahlungs⸗ und Erfüllungsort, ſowie Gerichts⸗
818 478 1524 509 ſtand iſt Mannheim. Poſtſcheckkonto: 6778 Ludwigshafen.
2914 304 3509 334 Anzeigen: Die achtgeſpaltene Millimeter⸗
2919 336 3509 367 Anzeigeneile 10 Pfg. Wiederholungsrabatte nach
2916 366 3514 398 beſ. Tarif Redaktioneſchluß für Inſerate: Donners⸗
2912 398 3513 430 tag 12 Uhr. — Bei Ausfall der Lieferung infolge
2915 430 3514 461 höherer Gewalt, polizeilichem Verbot, Betriebs⸗
2913 460 3515 495 ſtörung, Streik u. ſ. w. beſteht kein Anſpruch auf
3021 493 3408 524 Rückzahlung oder Nachlieferung.
3557 329 3792 379 Mannheim
3558 393 3789 445 17. Januar
3617 463 3731 501 1931
934 610 2118 750 Die nationalfozialiſtifche Zeitung
2364 637 3620 747 der Bezirke Mannheim-Weinheim
637 1525 3645 1748 Reichsbanner als Joffre⸗Legionäre.
1303 1765 2974 1842 Danken Gott für das „Wunder“ der Marne⸗Schlacht.
641 1888 1333 1975 Der Meuchelmord
459 1980 1528 2075 des Marxismus am deutſchen
744 2085 1220 2169 Arbeitertum.
541 2204 1523 2252 Je mehr der Marxismus roſaroter Schattierung ſeine
457 2247 1523 2295 Maske als „Freund“ und „Intereſſenvertreter“ des deut⸗
457 2293 1524 2340 ſchen Arbeiters fallen läßt, umſo plumper, dumm⸗frecher
456 2338 1523 2385 und verlogener verſucht er zum Angriff gegen den Na⸗
455 2382 1521 2429 tionalſozialismus vorzugehen. Aber es gelingt ihm nicht
454 2425 1519 2472 mehr, aus ſeiner Abwehrſtellung hervorzubrechen. Überall,
454 2471 1521 2518 wo er ſich einzuniſten vermochte, hat ſich ſein feſter Boden
455 2515 1514 2562 in Schlamm und Schmutz verwandelt. Er muß fürchten,
455 2559 1517 2606 daß er immer tiefer im eigenen Moraſt verſinkt, bis nur
456 2604 1521 2651 ſeine Ballonmütze noch ſichtbar iſt. Denn bei allen
452 2647 1524 2696 Fragen, die das Wohl und Wehe des deutſchen Arbei⸗
450 2693 1519 2740 tertums betreffen, entſcheidet ſich die SPD. gegen das
455 2736 754 2780 ſchaffende Volk.
534 2783 1520 2831 Bald jede Woche wird die Sozialdemokratie vor
453 2829 1517 2875 die Frage geſtellt: entweder ihrer Bonzokratie die Fut⸗
449 2874 1521 2922 terkrippe, höchſte Spitzengehälter, Paläſte und Villen zu
450 2917 1519 2965 erhalten, oder dem Arbeitertum aus ſeiner Not und
449 2962 1520 3010 Verzweiflung und aus ſeinem furchtbarem, wirtſchaftlichen
451 3006 1512 3056 Elend zu helfen. Stets ſiegt der „Selbſterhaltungswille“
450 3052 1521 3101 der Großfunktionäre. Stets fällt die Entſcheidung zu
453 3097 1521 3145 Gunſten des Beſitzes der Macht, um die Futterkrippe
452 3140 1517 3188 feſtzuhalten und auf dem Geldſack ſitzen zu bleiben, und
451 3186 1515 3234 ſtets erklärt ſich die SPD. um dieſen Preis einver⸗
450 3230 1520 3279 ſtanden, die kargen Löhne der Arbeiter und Angeſtellten
449 3273 1517 3323 herabzuſetzen und die Armſten der Armen ſteuerlich zu
443 3319 598 3363 erfaſſen.
530 3368 1514 3415 Damit die marxiſtiſche Parteioberſchicht in Saus und
444 3408 1517 3458 Braus Sekt wie Selters „trinken“ und Kaviar wie
445 3455 1513 3505 Kartoffeln „eſſen“ kann, verkauft ſie um dieſen Judas⸗
439 3500 1513 3550 lohn das unglückliche, hungernde Arbeitertum der Fauſt
439 3545 1514 3594 und der Stirn. Nur ein Achſelzucken iſt das Kennzeichen
441 3588 1514 3636 ihrer „ſeeliſchen Erſchütterungen“ über das Elend der
442 3633 1510 3684 Atbeitsloſen, und kaltblütig lehnt ſie die nationalſozi⸗
439 3678 1517 3727 aliſtiſchen Anträge betreffs einer Winterbeihilfe der
441 3722 1510 3774 Youngproletarier ab. Höchſtens ſtößt die Bonzenſchaft
440 3766 1515 3816 den Seufzer aus: wir ſind auch arbeitslos. Aber der
436 3809 1509 3860 kraſſe Hohn beſteht darin, daß Millionen deutſcher Ar⸗
437 3855 1510 3904 beiter der Fauſt und der Stirn ohne Arbeit und ohne
436 3896 1510 3947 Nahrung ſind, während die Bonzen ohne Arbeit Ein⸗
435 3942 1061 3989 kommen und Auskommen haben.
523 3989 1508 4041 Um ihren „Verrat am laufenden Band“ zu ver⸗
438 4036 1506 4084 ſchleiern und deutſche Volksgenoſſen von der National⸗
436 4082 1508 4130 ſozialiſtiſchen Arbeiterpartei fernzuhalten, greifen die
435 4124 1508 4175 Marxiſten nach Verſagen von Terror und Gewalt zu
433 4169 1505 4218 ihrem letzten Mittel, einem alten Verbrecher⸗ und Gauner⸗
432 4215 1506 4265 trick. Um von ſeinem Verbrechen abzulenken, zeigt der
430 4256 1506 4309 Marxismus auf ſeinen hartnäckigen Verfolger, den Na⸗
430 4302 1506 4351 tionalſozialismus, mit dem Angſtſchrei: haltet den Dieb!
517 4347 1502 4399 Der Marxismus verſchweigt, daß der Nationalſo⸗
430 4393 1505 4442 zialismus am 15. Oktober 1930 im Reichstag die weit⸗
431 4435 1507 4486 gehendſte Kürzung der hohen Gehälter, Penſionen und
430 4479 1504 4532 Diäten zugunſten des darbenden Volkes beantragt hat.
426 4522 1504 4574 Er verſchweigt, daß der Nationalſozialismus einen kom⸗
426 4570 1504 4621 muniſtiſchen Antrag, der die 20 % ige Beſteuerung des
428 4610 1505 4664 Kapitals über 500 000 Mark deshalb abgelehnt hat, weil
426 4657 1499 4708 durch die Annahme dieſes Antrages kleinere Arbeits⸗
427 4702 1507 4753 ſtätten gezwungen wären, ihren Bankerott zu erklären
425 4746 1504 4798 und ihre Betriebe für immer zu ſchließen. Dadurch wären
431 4790 1504 4841 Hunderttauſende von deutſchen Arbeitern erneut in die
430 4834 1493 4889 Reihen der Youngarmee geſtoßen. Weiterhin verſchweigt
425 4878 1500 4932 die SPD., daß ſie dieſe Beträge zum Nachteil unſeres
429 4923 1499 4975 Volkes, der internationalen Hochfinanz in die Hände
428 4968 689 5014 ſpielen wollte.
509 5014 1497 5064 Weil der Nationalſozialismus hierdurch eine weitere
423 5055 1499 5109 Bereicherung der internationalen Hochfinanz verhindert
424 5098 1497 5154 hat, ſchreit der Marxismus: die Nazis ſchützen das
423 5145 575 5188 Kapital.
1977 3038 2298 3090 Pfarrer Eckert
1591 3099 2668 3157 verhöhnt in ſeinem ſog. „chriſtl.“ Sonntagsblatt
1677 3157 2576 3221 Kirche und Geiſtlichkeit in obigem Bild.
1679 3276 2663 3326 Die chriſtliche Erziehung des Pfarrer Eckert in
1592 3330 2662 3380 der „gottloſen“ SPD. trägt anſcheinend doch Früchte.
1590 3379 2657 3435 Das Reichsjammer kann auch einmal Meſſer, Schlagring
1591 3438 2663 3489 und Stahlrute zur Seite legen und mit frommem Augen⸗
1590 3493 2659 3541 aufſchlag in die Kirche wandern. Allerdings beſuchen
1588 3546 2661 3596 ſie als Angehörige einer Partei, die während des Krieges
1587 3601 2661 3649 vom franzöſiſchen Militarismus finanziert wurde, keine
1587 3650 1890 3699 deutſche Kirche.
1673 3711 2657 3763 Doch wenn im geraubten Straßburger Münſter ein
1587 3768 2654 3815 Gottesdienſt zu Ehren des verſtorbenen Generals und
1591 3822 2652 3871 Deutſchenfreſſers Joffre ſtattfindet, läßt ſich das Reichs⸗
1590 3876 2655 3923 jammer die „Ehre“ nicht nehmen, Frömmigkeit zu heu⸗
1588 3928 2663 3976 cheln und im Gebet dafür zu danken, daß durch das
1587 3982 2656 4029 „Wunder“ der Marne⸗Schlacht das deutſche Volk den
1585 4035 2656 4083 Krieg verloren hat und dadurch das deutſche Arbeiter⸗
1583 4087 2247 4136 tum in Not und Elend geraten iſt.
1666 4282 2652 4332 Weil ihre Bonzen Paläſte, Schlöſſer und Villen be⸗
1577 4328 2647 4376 wohnen, macht der Marxismus aus der Drei⸗Zimmer⸗
1578 4373 2642 4423 wohnung Adolf Hitlers eine 3 mal 3 Zimmerwohnung.
1666 4424 2654 4474 Weil ihre Bonzen Luxus⸗Autos fahren, verwandelt
1574 4469 2646 4520 der Marxismus einen altgekauften Hanomag aus dem
1576 4514 2646 4565 Jahre 1926 eines in den entlegendſten Dörfern ſprech⸗
1576 4561 2640 4609 enden nationalſozialiſtiſchen Redners in einen Benz⸗
1575 4602 1772 4653 Mereedes.
1662 4655 2645 4705 Weil ihre Bonzen Einkommen haben, vor denen
1578 4703 2647 4750 ſonſtige Großverdiener und Großkapitaliſten aus Neid
1573 4748 2647 4796 erblaſſen, heuchelt der Marxismus „Entrüſtung“, wenn
1571 4792 2644 4839 ein im Dienſt ergrauter Beamter, der ſich zum National⸗
1572 4837 2571 4884 ſozialismus bekennt, eine kärgliche Penſion erhält.
1661 4889 2645 4937 Weil ihre Fraktion in Braunſchweig während der
1576 4935 2636 4983 marxiſtiſchen Regierungszeit die Miniſtergehälter auf
1570 4977 2637 5028 20 000 Mark erhöht hat, erhielt der Marxismus gleich⸗
1575 5024 2646 5072 zeitig Veitstanz und Rheumatismus als unſer Miniſter
1570 5067 2641 5115 Frick ſein Gehalt von 20 000 Mark auf 16 000 Mark
1568 5111 1776 5155 herabſetzte.
2082 5148 2597 5204 Fortſetzung ſiehe Seite 2.
2911 1901 3678 2006 Der 18. Januar.
2832 2039 3830 2092 Sechs Jahrzehnte iſt Nord und Süd als einheitlicher
2748 2080 3828 2135 Staat exiſtent. Bei ſolchen Anläſſen baut man Denkmäler
2745 2129 3828 2180 oder hält Feiern. Das iſt ein ſchöner Brauch und wird
2747 2175 3826 2227 anerkannt, wenn dieſes äußere Gebahren innerlich, alſo
2746 2217 3639 2269 ſittlich berechtigt iſt. Aber wir kennen das ja!
2834 2262 3828 2315 Allenthalben werden Reichsgründungsfeiern ſtatt⸗
2749 2307 3821 2358 finden, pietätvolle Gemeinden in Wichs werden in Sälen,
2745 2351 3826 2403 die ſchwarz⸗rot⸗golden garniert ſind, zuſammenſtehen und
2745 2396 3827 2448 dem Redner gelangweilt zuhören, der den glücklichen
2749 2440 3820 2492 Umſtand preiſt, daß vom Reiche Bismarcks immerhin
2741 2483 3823 2537 die Einigkeit geblieben iſt. Irgend eine Schupokapelle
2741 2530 3822 2581 wird nach der nicht wiederzugebenden Rede des Herrn
2741 2572 3827 2626 Landrates oder wer ſonſt höheren oder nicht höheren
2744 2616 3825 2667 Auftrages ſchwätzt, das Deutſchlandlied intonieren und
2745 2664 3824 2716 alle Spießer werden ſich wohl hüten, die letzte Strophe
2742 2709 3820 2762 zu ſingen, weil es da heißt: „Und im Unglück nun erſt
2746 2752 3824 2804 recht“ und weil dieſes gegen die ſtaatlich ſanktionierte
2749 2796 3253 2844 Palmwedelpolitik verſtößt.
2828 2842 3819 2891 Es wird keiner aufſtehen und proteſtieren, o nein,
2741 2884 3821 2939 es wird noch nicht einmal der Redner ſelbſt den Hohn
2737 2931 3825 2984 auf ſich empfinden, wenn da offiziell erklärt wird, daß
2739 2976 3820 3027 alles, was groß iſt, ſchleifen ging, bis auf die ſagenhafte
2739 3019 3823 3073 Einigkeit der geographiſchen Gebiete und der Solidarität
2738 3065 3428 3114 aller Börſengauner deutſcher Zunge.
2829 3110 3820 3163 Es iſt ſo leicht, nichts tun zu müſſen, als auf den
2739 3153 3817 3206 Lorbeeren anderer zu ruhen und von der Subſtanz der
2736 3197 3820 3251 Vergangenheit zu zehren. Die Bekenntniſſe zur Reichs⸗
2734 3243 3818 3296 einheit wirken genau ſo phraſenhaft wie die Verſiche⸗
2736 3289 3528 3336 rungen des Hanswurſt im Kaſperltheater.
2826 3336 3809 3387 Auch das kennen wir. Sie beten dann ihre Litanei,
2737 3380 3820 3431 dieſes ewige „Ruhe und Ordnung“. Und wenn man es
2736 3424 3816 3478 hört, dramatiſch hingeſchmettert aus ihrer Stehkragen⸗
2734 3469 3820 3519 bruſt, dann muß man ſich ſchon fragen, ja, haben denn die
2738 3515 3821 3564 „Heutigen“ keine andere Aufgabe als den wahren Jakob
2736 3560 3815 3611 für die Portemonnaie⸗Intereſſen der Zuden und Kapita⸗
2732 3605 3074 3648 liſten zu ſpielen?
2823 3651 3805 3704 Alles iſt einer verheerenden Grippe, der Inflation,
2728 3699 3818 3748 ausgeliefert. Geſtern war es das Geld, heute iſt es die
2732 3741 3816 3792 Subſtanz der ſtaatlichen Wirklichkeit, welche der Ent⸗
2731 3787 3101 3831 artung anheimfällt.
2819 3835 3816 3887 Das Weſen einer Nation ſind die ſeeliſchen Kräfte
2729 3876 3810 3930 des Einzelnen und die ſchöpferiſche Energie des Führers.
2817 3925 3807 3979 Beides hat die Dynamik der Demokratie zermahlen.
2730 3970 3741 4023 Geblieben ſind Surrogate und ſchwächliche Epigonen.
2817 4018 3805 4073 Solange die Dynaſtien der Bank in Deutſchland
2726 4065 3806 4119 regieren, ſind die Grenadiere von St. Privat umſonſt
2733 4111 2880 4153 gefallen.
2812 4158 3805 4210 Jene haben mit ihrem Blut ein erſtes Verſailles
2729 4203 3806 4252 geſchaffen — dieſe haben es ausradiert und in die
2725 4247 3809 4299 Geſchichtsbücher die lapidaren Worte geſchrieben: Ver⸗
2730 4293 3046 4335 ſailles 1919.
2813 4339 3801 4393 Jetzt feiern ſie die öffentliche Meinung, die käuflich
2724 4383 3806 4435 iſt wie eine feile Dirne, weil keiner mehr als wärmende
2723 4429 3614 4481 Flamme den nationalen Glauben in ſich trägt.
2809 4477 3803 4529 Die Parteidoktrin und die parlamentariſche Koali⸗
2721 4520 3803 4573 tion haben ſie zu den einzig erlaubten Gottheiten erklärt
2723 4568 3796 4618 und nennen ihre Untat in einem Atemzug mit dem
2721 4612 3805 4664 18. Januar, mit dem erſparten Fleiß der deutſchen Ar⸗
2718 4657 3800 4705 beiter, mit dem deutſchen Frontſoldaten und all den
2720 4701 3696 4751 Frontabſchnitten, die zu unſerm Golgatha wurden.
2806 4748 3798 4802 Gemach, Zeitgenoſſen für euch und euer Geſchäft
2717 4795 3792 4845 iſt keiner geſtorben. Das Opfer an Arbeit und Blut,
2714 4840 3801 4891 an Jugend und Leben gaben wir zur Vollendung des
2716 4885 3109 4928 begonnenen Werkes.
2802 4930 3794 4982 Für uns iſt das Wort Bismarck Geſtalt und Wirk⸗
2721 4977 3506 5026 lichkeit — ihr ſeid uns nichts als Erſatz.
2808 5027 3637 5070 Das wißt ihr und nennt uns Romantiker.
2805 5075 3798 5125 „Was haben eure geſchichtlichen Remiszenſen mit
2715 5119 3795 5170 den Produktionsmitteln, den Fabriken, dem Hunger zu
2710 5163 3794 5214 tun?“ fragt ihr. Die Arbeiterklaſſe hat keine Ideale zu
