4143 5477
338 169 482 213 Seite 2
1721 167 2364 216 Das Hakenkreuz⸗Banner
3502 182 3710 226 Nr. 2/1931
422 276 1407 320 Für dieſe Idee kämpfen Frauenfeld und ſeine Ge⸗
335 321 1403 366 folgsleute unermüdlich weiter. Aber ſie zerbrechen ſich
331 366 1406 409 nicht den Kopf, in welcher Form, zu welcher Zeit und
327 410 1408 454 unter welchem Zeremoniell der Anſchluß Öſterreichs in
333 451 1401 499 Frage kommen könnte. Sie überlaſſen es den Parlamen⸗
329 500 1407 543 tariern, über dieſes Problem im „Nationalrat“, dem
332 540 1400 589 öſterreichiſchen Reichstag, ſtundenlang zu reden, ohne daß
322 588 1407 633 dieſe überhaupt eine Vereinigung wünſchen und herbei⸗
332 633 1406 677 ſehnen. Wie Frauenfeld im September vorigen Jahres
328 677 1405 723 vor 4000 Mannheimern in ſeiner überzeugenden Art aus⸗
323 721 1404 770 geführt hat, iſt die Anſchlußfrage von den öſterreichiſchen
322 767 1398 812 Nationalſozialiſten ſchon gelöſt. Sie haben den Anſchluß
326 813 1398 857 vollzogen, indem ſie ſich in die Geſamtbewegung einge⸗
329 856 1403 902 gliedert und unſerem oberſten Führer Adolf Hitler Treue
323 901 904 946 und Gefolgſchaft gelobt haben.
414 946 1403 988 Ob an der Donau, am Rhein, an der Saar oder an
326 990 1403 1034 der Weichſel, die braunen Kolonnen unter dem Haken⸗
328 1035 1400 1080 kreuz⸗Banner kämpfen mit der gleichen Opferfreudig⸗
325 1078 1397 1123 keit, der gleichen unerbittlichen Zähigkeit und dem gleichen
322 1120 1403 1167 fanatiſchen Glauben für die Auferſtehung unſeres dritten
322 1167 1358 1214 Reiches. er.
327 1284 1403 1351 Schutz der deutſchen,, Minderheiten“?
413 1381 1400 1425 Kurz vor Weihnachten vorigen Jahres reiſte der
327 1425 1399 1469 Außenminiſter Curtius in die Oſtmarken, um vor den
326 1469 1400 1514 Spitzen der Behörden die wärmſten Sympathien der
327 1514 1400 1559 Reichsregierung für den bedrängten deutſchen Oſten zu
321 1559 1393 1603 bekunden und für die im heutigen „Polen“ anſäſſigen
324 1603 1398 1647 Deutſchen energiſches Eintreten in Genf vor dem Völker⸗
318 1648 1393 1692 bund zu verſprechen. Jeder auch politiſch ungeſchulte
326 1692 1398 1735 Deutſche iſt ſich klar darüber, daß eine „Aktion“ vor
321 1736 1392 1780 dem Völkerbund, der die einſeitigen Intereſſen Frank⸗
324 1781 1391 1825 reichs und ſeiner Trabanten vertritt, im Sande verlaufen
325 1825 440 1867 muß.
404 1869 1398 1914 Nicht einmal gegen den Miniatur⸗Staat Litauen
326 1914 1391 1959 wagt das ſeit Annahme des Youngplanes wieder „ſouve⸗
325 1958 1391 2003 räne“ Reich tatkräftig vorzugehen, um unſeren deutſchen
320 2001 1391 2047 Brüdern im Memel⸗Gebiet auch nur zu dem geſchmälerten
324 2047 1390 2092 Recht, welches das Verſailler⸗Diktat ihnen noch belaſſen
324 2091 1397 2135 hat, zu verhelfen. Noch weniger dürfen wir uns wun⸗
319 2137 1390 2181 dern, daß die Tſchechen unſere Volksgenoſſen in Böhmen
318 2180 1394 2224 und Mähren mit brutalſten Mitteln unterdrücken. Im
323 2225 1396 2270 Gegenteil, die Bayeriſche „Volks“⸗Partei, richtiger der
323 2269 1389 2314 ſchwarze Marxismus Bayerns genannt, duldet ſogar, daß
318 2312 1394 2358 die Tſchechen in der bayer. Oſtmark Stück um Stück
316 2358 1396 2402 deutſchen Bodens ankaufen und ſich dort anzuſiedeln
314 2402 1394 2447 ſuchen. In Preußen darf der tſchechiſche Jude und Groß⸗
316 2446 1387 2491 unternehmer Bata in größtem Ausmaße ſich deutſches
316 2490 1398 2536 Land zur Unterdrückung unſerer heimiſchen Schuh⸗Indu⸗
321 2537 1390 2581 ſtrie und der in dieſem Induſtriezweig beſchäftigten deut⸗
321 2580 1386 2627 ſchen Arbeiter aneignen. Die S. P. D. gewährt ihm
314 2625 1395 2670 vollſte Unterſtützung, obwohl ſie immer wieder Arbeiter⸗
316 2669 932 2715 Freundlichkeit zu heucheln ſucht.
408 2715 1386 2760 Trotz der ſcheinbaren Ausſichtsloſigkeit ihres Kampfes
319 2759 1386 2805 wehren ſich unſere Volks⸗Genoſſen jenſeits der heutigen
318 2804 1393 2850 Reichsgrenzen mit größtem Opfermut und unermüdlicher
314 2849 1393 2894 Energie. Aber ihre Kräfte können nicht ausreichen. Sie
317 2893 1395 2938 ſtehen auf verlorenem Poſten und müſſen eines Tages
312 2938 1392 2983 der Übermacht erliegen trotz aller Sympathie⸗ und Bei⸗
312 2982 1393 3027 leidsäußerungen der deutſchen Regierung und der „mora⸗
315 3027 1393 3072 liſchen“ Entrüſtung der „bürgerlichen“ Preſſe. Die 30
312 3071 1384 3117 Millionen Volksgenoſſen in Mittel⸗Europa, die ſich nicht
316 3116 1381 3161 Reichsdeutſche nennen dürfen, können ihr Deutſchtum,
305 3161 1392 3205 deutſche Sprache, deutſche Kultur und deutſche Sitten
312 3206 1381 3249 nur erhalten, wenn unſer Volk innerhalb der Grenzpfähle
314 3251 1379 3295 nicht dem Untergang verfällt. Geht unſer Volk zugrunde,
315 3295 1389 3339 ſo wird der Sturz Deutſchlands auch die deutſchen Min⸗
313 3339 1384 3383 derheiten zu Boden reißen. Alle Deutſchen, ob in Rumpf⸗
314 3384 1387 3428 deutſchland oder in den abgetrennten Gebieten, haben
1480 267 2560 327 gleiches Schickſal zu erwarten und ſind unlösbar mit
1490 321 1895 366 einander verbunden
1567 362 2551 412 Der Untergang unſeres Volkes iſt nur abzuwenden,
1488 411 2557 457 wenn wir uns von den politiſchen Ketten des Verſailler
1482 456 2557 502 Diktates und den wirtſchaftlichen Feſſeln des Young⸗
1488 501 2556 547 planes befreien können. Unſere politiſche und wirtſchaft⸗
1478 545 2557 591 liche Freiheit rückt jedoch erſt in greifhare Nähe, wenn
1476 589 2556 636 der Marxismus in ſeiner mehrfachen Geſtalt in Deutſch⸗
1476 635 2549 679 land überwunden iſt. Die Frage: Iſt unſer deutſches
1474 679 2557 723 Volk zu retten? kann nur bejaht werden, wenn man die
1485 724 2557 770 Vernichtung des Marxismus in Deutſchland für möglich
1481 768 2553 815 hält. „Rettung unſeres Volkes“ und „Vernichtung des
1476 813 2559 860 Marxismus“ ſind vollkommen identiſche Begriffe, die
1476 859 2556 903 von einander nicht getrennt werden können, da der Mar⸗
1483 903 2548 948 xismus in Deutſchland das Ziel verfolgt, unſer Volk für
1476 947 2555 992 immer tributwillig zu machen. Der Marxismus hat die
1477 991 2553 1037 Treiberdienſte für die überſtaatlichen Geldmächte über⸗
1474 1036 2546 1081 nommen und ſucht Deutſchland immer mehr in das Schuß⸗
1483 1081 2545 1126 feld der internationalen Geld⸗ und Finanzjäger zu ziehen,
1476 1125 2551 1169 damit Teil auf Teil unſeres Volkes in dieſer wirtſchaft⸗
1473 1170 2553 1214 lichen Treibjagd zur Strecke gebracht und dem internatio⸗
1476 1215 2439 1258 nalen Kapitalismus als Beute ausgeliefert wird.
1562 1259 2545 1302 Es iſt ein Hauptverdienſt des Nationalſozialismus,
1475 1303 2554 1347 einem großen Teile unſeres Volkes bereits dieſe Er⸗
1474 1348 2546 1391 kenntnis vermittelt zu haben. Wir Deutſche ſind erſt
1476 1392 2551 1435 wieder Herr in unſerem eigenen Hauſe, wenn wir, ſelbſt⸗
1479 1436 2542 1480 verſtändlich mit legalen Mittlen, den marxiſtiſchen Unrat,
1475 1481 2546 1524 der alles verſeucht und verpeſtet, heraus auf den Kehricht⸗
1480 1525 2549 1569 haufen geworfen haben. Niemand wird dann unſer Volk
1480 1569 2544 1613 hindern können, unter zielbewußter, nationalſozialiſtiſcher
1475 1614 2547 1659 Führung ſein Haus in eine für freche Eindringlinge unzu⸗
1480 1659 2546 1702 gängliche, ſtarke Burg, eine das Vorgelände weithin be⸗
1479 1702 2548 1746 herrſchende Trutz⸗ und Schutzfeſte umzubauen. In dem
1479 1747 2548 1791 Vorgelände befinden ſich die Baſtionen und Türme, die
1472 1792 2550 1835 unſeren deutſchen Minderheiten als Widerſtandszentren
1477 1835 2550 1880 im Kampf um ihre Erhaltung dienen. Keine fremden
1474 1880 2549 1925 Völker werden dieſe Vorpoſten des Deutſchtums zu be⸗
1473 1926 2553 1969 rennen wagen. Sie müſſen fürchten, daß die von ſeinem
1478 1970 2548 2014 genialen Baumeiſter Adolf Hitler geſchaffene Trutzfeſte
1479 2014 2540 2059 „das dritte Reich“ niemals dieſe Baſtionen in fremder
1478 2059 1833 2101 Hand dulden wird.
1565 2104 2547 2147 Selbſtverſtändlich kann der Nationalſozialismus nicht
1470 2148 2551 2192 von heute auf morgen dieſe Aufgabe löſen. Aber wir
1470 2192 2543 2237 kennen das Haupthindernis auf unſerem Wege zur Frei⸗
1476 2236 2545 2281 heit: die marxiſtiſche Mauer! Sie ſoll unſer Volk ſtets
1470 2281 2547 2326 von politiſcher und wirtſchaftlicher Selbſtändigkeit tren⸗
1473 2325 2547 2369 nen. Wir Nationalſozialiſten verzetteln unſere Kräfte
1470 2369 2540 2414 nicht zur Löſung von Teilaufgaben, ſondern konzen⸗
1468 2414 2545 2458 trieren unſere Bewegung auf unſer erſter Ziel, Breſche
1473 2458 2546 2502 um Breſche in die marxiſtiſche Front bis zum endgültigen
1467 2502 2547 2547 Einſturz zu ſchlagen. Durch unſeren Sieg über den Mar⸗
1474 2547 2542 2590 xismus bekommen wir die Hände frei und können ſie
1467 2591 2548 2636 unſeren Brüdern jenſeits der Grenze hilfreich entgegen⸗
1473 2635 2544 2680 ſtrecken, um ohne Feind im Rücken mit ihnen Schulter
1469 2681 2549 2725 an Schulter zu kämpfen für ein gemeinſames Endziel, das
1471 2724 1790 2768 nicht heißen ſoll:
1563 2768 2340 2812 „Schutz der Minderheiten“, ſondern
1563 2813 2547 2857 „Befreiung der Minderheiten und Vereinigung aller
1592 2853 2546 2901 Volksgenoſſen in einem ſtarken und freien Groß⸗
1585 2898 2504 2951 deutſchland.“ er.
1461 3024 2022 3092 Alles erſcheint zur
1631 3107 2534 3231 Großdeutſchen Kundgebung
1466 3250 2415 3307 Donnerstag den 15. Januar, 8 Uhr,
1612 3318 2404 3384 im Nibelungenſaal Mannheim.
2661 292 3696 474 die Politik der Woche
2721 517 3706 568 Der ſozialdemokratiſche Miniſterpräſident Otto
2637 563 3701 610 Braun verbringt ſeinen Winterurlaub in Bad Gaſtein
2632 608 3710 656 dem feudalſten Kurort der ehemaligen öſterreichiſchen
2630 651 3700 701 Monarchen. Auch Kaiſer Wilhelm und Bismarck hielten
2631 697 3704 747 ich dort ſehr oft auf. In Preuzen war dem SPD.⸗
2632 739 3405 796 Mann kein Ort „fein“ genug!
2716 849 3704 896 Die GPU. erſchoß einen Sowjetkurier, der von
2630 893 3697 941 Moskau nach Warſchau fuhr, weil er im Verdacht ſtand,
2628 934 3705 985 politiſche Dokumente geſtohlen zu haben. Dies war eine
2635 983 3283 1028 einfache „proletariſche Abreibung“.
2716 1087 3696 1137 Die Täter, die in der Neujahrsnacht ein Spreng⸗
2632 1134 3694 1179 ſtoffattentat auf die Geſchäftsſtelle in Gotha verübten,
2629 1178 3694 1225 wurden feſtgenommen. Es handelt ſich natürlich um
2632 1222 2888 1265 Kommuniſten.
2714 1311 3701 1358 Der Streik im Ruhrgebiet veranlaßte die Polizei⸗
2625 1355 3693 1402 präſidenten von Recklinghauſen, Bochum und Oberhauſen
2624 1401 3693 1447 öffentliche Anſammlungen, Umzüge und Verſammlungen
2628 1445 3701 1490 unter freiem Himmel zu verbieten. Wie hieß doch die
2629 1488 3700 1533 Parole der roten Gewerkſchaften einmal: „Alle Räder
2630 1532 3543 1588 ſtehen ſtill, wenn mein ſtarker Arm es will“!?
2710 1641 3697 1687 Der wegen ſeiner nationalſozialiſtiſchen Geſinnung in
2628 1684 3699 1730 Preußen entlaſſene Lehrer Dietrich Klagges wurde von
2628 1729 3697 1774 Miniſter Franzen in Braunſchweig als Konrektor an⸗
2629 1775 3701 1819 geſtellt und als Kulturreferent in das Miniſterium be⸗
2624 1819 2736 1866 rufen.
2707 1908 3688 1952 Als Miniſter Brüning in den deutſchen Oſten reiſte,
2626 1953 3689 1997 mußten in allen Städten, die er beſuchte, große Polizei⸗
2626 1997 3694 2041 mannſchaften aufgeboten werden, um einen allzu „war⸗
2620 2042 3698 2085 men“ Empfang zu verhindern. Uberall wurde er mit
2617 2086 3391 2130 dem Rufe „Hungerdiktator“ empfangen.
2708 2193 3688 2236 Bei der Trauerfeier für den erſchoſſenen Reichs⸗
2622 2237 3695 2280 bannermann kam es in Berlin zu ſchweren Zuſammen⸗
2624 2281 3435 2324 ſtößen zwiſchen Polizei und Kommuniſten.
2706 2387 3699 2430 Der ehem. Reichstagsabgeordnete von Bötticher, der
2619 2431 3688 2475 von Geburt Deutſch⸗Balte iſt, wurde vom Regierungspräſi⸗
2619 2475 3696 2518 dent in Frankfurt a. O. wegen „ſtaatsfeindlicher Be⸗
2615 2519 3696 2563 tätigung“ ausgewieſen. Wie wir hören, wird der Na⸗
2614 2563 3696 2606 tionalſozialiſt von Bötticher thüringiſcher Staats⸗
2611 2603 2807 2656 bürger.
2702 2696 3694 2740 In Oberſchleſien beginnt nunmehr auch ein kommu⸗
2614 2740 3694 2785 niſtiſcher Streikangriff. Zwei Drittel der oberſchleſiſchen
2614 2784 3689 2830 Steinkohlengruben ſind davon mehr oder weniger be⸗
2614 2831 2754 2872 troffen.
2703 2916 3689 2961 Die Schlichtungsverhandlungen im Ruhrbergbau ſind
2613 2962 3684 3006 ergebnislos verlaufen, und man darf auf den Fortgang
2614 3004 3692 3050 der Verhandlungen geſpannt ſein. Die SPD. hat erneut
2612 3051 3690 3095 bewieſen, daß ſie keine Arbeiterpartei iſt, ſondern nur
2610 3095 3280 3140 Steigbügelhalter des Kapitalismus.
2698 3200 3689 3246 In Wuppertal⸗Elberfeld demonſtrierten 25 000 Na⸗
2613 3245 3691 3291 tionalſozialiſten, weil die Stadtverwaltung einen Staats⸗
2612 3289 3682 3336 kommiſſar beantragt hatte. Sämtliche großen Säle muß⸗
2611 3335 3685 3380 ten geſperrt werden. Die Verſammlungen waren ein
2616 3378 3626 3425 flammender Proteſt gegen den Steuerbolſchewismus!
584 3535 1105 3638 Rote Juſtiz.
387 3695 1384 3735 Dieſer Tage erſcheint im Verlag Lehmann, München, ein
303 3736 1384 3776 Buch von Gottfried Zarnow: „Gefeſſelte Juſtiz“ (zu
308 3775 1383 3816 haben in unſerer Buchhandlung P 5, 13 a zum Preiſe von
305 3816 1375 3856 3.60 ℛℳ broſch.). Politiſche Bilder aus deutſcher Gegenwart,
309 3855 1382 3895 deſſen Lektüre wir unſern Anhängern empfehlen. Wir er⸗
300 3896 1384 3935 lauben uns hier eine kleine Koſtprobe dieſes Werkes, das in
298 3934 1377 3975 Stil und Inhalt nicht nur gut gelungen iſt, ſondern deſſen
300 3975 1150 4019 Inhalt Seite für Seite aktenmäßig belegt wird.
808 4036 865 4090 1.
623 4114 1050 4162 Die neudeutſche „Ilias“
310 4182 1321 4222 Homer: „Singe, o Göttin, den Groll des Peleïaden Achilleus,
444 4219 1264 4256 Wie unſelig er ſchuf ein endlos Leid den Achaiern,
445 4254 1377 4292 Viel ſtarkmütige Seelen der Helden entſandte zum Hades,
448 4291 1343 4328 Helden, die er nun ließ zum Raube liegen den Hunden
446 4327 986 4364 Und den Geiern zum Fraß . . . .“
493 4390 1183 4442 Die Sybariteninſel Schwanenwerder
388 4451 1379 4497 Wenn der Staatsſekretär Dr. Weismann die Ge⸗
304 4496 1371 4544 ſchichte der Sklarz⸗Dynaſtie ſchreiben würde, etwa auf
299 4541 1377 4587 Grund der Parvus⸗Helphand⸗Akten, wieviel ſeiner
299 4585 1374 4630 Freunde würde er in den Hades ſenden. Wer iſt Dr. Weis⸗
298 4630 1377 4675 mann? „Ein berühmter Spieler, außerdem Staatsanwalt
299 4674 1371 4722 a. D., früher Staatskommiſſar für die öffentliche Ordnung
300 4719 1371 4767 in Preußen, heute: Staatsſekretär des preußiſchen Staats⸗
303 4764 1378 4811 miniſteriums, unmittelbar unter dem Miniſterpräſidenten
303 4808 1370 4854 Braun der zweitmächtigſte Mann in Preußen. Ein Typ
299 4853 1378 4901 unſerer Zeit. Smart, ſchneidig und erfolgreich. Beliebt
297 4900 713 4945 bei allen Parteien.“ ¹)
388 4943 1370 4988 Der Staatsſekretär Dr. Weismann wird ſo lange
299 4986 1379 5033 keine Memoiren ſchreiben, als er neben dem Miniſter⸗
304 5031 1373 5078 präſidenten Dr. Braun das Ruder des preußiſchen Staats⸗
333 5107 850 5155 ¹) „Das Forum.“ Heft 1, 1928.
1461 3508 2535 3554 ſchiffs führen darf. Er wird erſt recht nicht die Geſchichte
1461 3554 2528 3598 der Sklarz⸗Dynaſtie ſchreiben, denn er iſt es ja geweſen,
1459 3598 2528 3642 der das Haupt dieſer Dynaſtie im Intereſſe der Köpfe
1457 3641 2533 3688 vieler Achaier⸗Genoſſen vor dem Staatsanwalt in höchſt⸗
1457 3686 2539 3732 amtliche Sicherheit gebracht hatte, in Sicherheit beim —
1461 3733 1729 3778 Juſtizminiſter.
1547 3785 2532 3829 Damals iſt Dr. Weismann noch nicht Staatsſekretär
1465 3829 2530 3873 und der neben Braun zweitmächtigſte Mann in Preußen
1465 3874 2532 3919 geweſen, auch noch nicht Staatskommiſſar für die öffent⸗
1459 3917 2526 3963 liche Ordnung, ſondern — Erſter Staatsanwalt. Damals,
1460 3962 2532 4008 Abteilungsvorſteher bei der Staatsanwaltſchaft des Land⸗
1459 4006 2530 4053 gerichts I in Berlin, hat er nach diſziplinarrichterlichem
1457 4051 2533 4097 Urteil zu ſeinem Untergebenen, dem Staatsanwalt Dr.
1457 4095 2534 4141 Gutjahr, geſagt: „Lieber Gutjahr, was meinen
1454 4139 2534 4185 Sie, wenn ich Sklarz ſagen würde, geben Sie
1455 4184 2533 4230 dem Gutjahr drei Millionen, dann faßt er
1461 4229 2531 4276 ſämtliche Protokolle ſo, daß nichts dabei
1460 4276 1833 4320 herauskommt.“
1549 4327 2525 4375 Iſt das die Aufforderung zur Vertuſchung und Rechts⸗
1453 4372 2490 4420 beugung durch einen Vorgeſetzten an den Untergebenen?
1544 4426 2523 4472 Der Juſtizminiſter rührte ſich nicht, aber Dr. Weis⸗
1452 4470 2522 4518 mann ſtieg in Preußen von Stufe zu Stufe, iſt erſter
1454 4514 2527 4563 Delegierter des Volksſtaates Preußen im Reichsrat und
1456 4559 2531 4606 Mitglied des höchſten deutſchen Diſziplinargerichts in
1454 4606 1595 4652 Leipzig.
1543 4648 2528 4693 In einem Berliner Mietshauſe, näher dem Dach als
1455 4693 2530 4741 der Erde, ſitzt zwiſchen verſtaubten Möbeln, Gemälden
1452 4738 2522 4785 und Hausrat ein alter Auktionator und Taxator, für
1451 4783 2526 4830 kurze Zeit neben Dr. Weismann der für den Beſtand des
1457 4827 2526 4876 Regimes gefährlichſte Mann in Preußen. Er hütete aus
1454 4872 2526 4919 dem Nachlaß des großen Genoſſen Dr. Parvus⸗Hel⸗
1458 4916 2528 4964 phand (als Wuilijoki am 27. Auguſt 1867 zu Bereſino
1452 4961 2527 5009 in Rußland geboren) deſſen Urkunden, Bettelbriefe, Quit⸗
1454 5005 2530 5055 tungen uſw., nachmals Herrſcher in Deutſchland über
1454 5049 2523 5098 Pfunde, Dollar, Gulden, Franken und Kronen. Auf
1458 5094 2528 5142 Betreiben des ſpäter ſehr berühmt gewordenen Juſtizrats
2611 3502 3684 3548 Dr. Werthauer mußte das Gericht zwiſchen Morgen und
2611 3547 3684 3592 Abend alles Material beſchlagnahmen und der um ſein
2614 3590 3682 3639 Taxator⸗Honorar gebrachte Auktionator den Offen⸗
2608 3635 3686 3683 barungseid leiſten darüber, daß kein Parvus⸗Papier
2613 3679 3256 3727 mehr in ſeinem Beſitz geblieben ſei.
2695 3724 3679 3770 In dieſem Milieu, im Paradies Schwanenwerder,
2608 3768 3679 3815 trieb der „junge Mann“ Georg Sklarz die Wurzeln
2614 3812 3683 3860 ſeiner Macht bis in die Miniſterzimmer und die Zimmer
2605 3861 2972 3903 der Staatsanwälte.
2702 3900 3684 3948 Hier, auf Schloß Schwanenwerder, ſind jene Ge⸗
2613 3944 3679 3993 ſchäfte geſchloſſen worden, die Parvus und die Dynaſtie
2606 3988 3679 4037 der Sklarze reich gemacht haben, und von hier aus ſchrieb
2605 4032 3684 4082 auf parteiamtlichem Bogen der Vorſitzende der Deutſchen
2605 4077 3686 4126 Sozialdemokratie, Otto Wels, ſeinem auf Reiſen ab⸗
2606 4125 3040 4171 weſenden Schloßherrn:
2691 4173 3682 4218 „Das Haus iſt bis oben hin voller Gäſte, und es iſt nicht
2606 4214 3681 4259 gerade leicht und angenehm, als Erfüller all' der verſchiedenen
2603 4253 3683 4300 Anſprüche und Anforderungen angeſprochen zu werden. Seit
2604 4292 3682 4338 4—5 Tagen iſt Scheidemann hier . . . Er ſchreibt ein
2607 4332 3683 4379 Buch über ſeine Kriegsmemoiren und will deswegen auch mit
2608 4373 3681 4419 Ihnen noch Rückſprache nehmen. Häniſch iſt mit ſeiner Frau
2603 4412 3683 4459 und zwei Kindern am Sonnabend eingetroffen und außerdem
2607 4452 3680 4499 haben wir die Familien Bondy im Hauſe. Bondy iſt fabel⸗
2603 4491 3685 4539 haft fleißig und hat Sklarz gemalt! Er arbeitet an einem
2605 4530 3674 4580 Porträt Philipps. ¹) Auch mich hat er ſeinem Pinſel
2606 4571 3618 4618 unterworfen und ein ſehr gutes Freilichtbild hergeſtellt.“
2693 4620 3680 4670 Im dritten Jahre der Republik erſchien unter dem
2606 4664 3678 4714 Titel: „Der Rattenkönig“ eine Broſchüre, deren Unter⸗
2605 4708 3680 4759 titel „Revolutionsſchieber und ihre Helfer“ auf ihren
2608 4754 3679 4805 Inhalt und dieſer wiederum auf umfangreiches Quellen⸗
2602 4798 3684 4849 material hindeutete. Dieſe Broſchüre wurde von der
2606 4842 3681 4895 Preußiſchen Regierung ſofort unterdrückt, die einzige, im
2603 4887 3681 4939 Intereſſe der Staatsräſon mögliche Löſung. Denn, war
2604 4932 3679 4983 es nicht möglich, den Inhalt zu entkräften, dann war be⸗
2605 4977 3683 5028 wieſen, daß man ſich ſchon damals nicht auskannte, wo
2604 5019 3682 5072 im Staatsmann der Schieber und umgekehrt im Schieber
2644 5089 3678 5141 ¹) Philipp Scheidemann. Schluß Seite 6.
