4039 5443
456 157 664 209 Nr. 2/1931
1822 141 2469 191 Das Hakenkreuz⸗Banner
3684 133 3831 177 Seite 3
499 657 1521 839 Foroleauspobe
754 899 1240 947 Bezirk Groß⸗Mannheim.
458 961 1486 1013 Geſchäftsſtelle Mannheim, P 5, 13 a. Telefon 317 15.
534 1004 1278 1046 Geſchäftsſtunden von 8—12 und 14—19 Uhr.
532 1038 1533 1084 Geld⸗ und Einſchreibeſendungen: NSDAP. Mannheim, Hans
566 1081 822 1116 Feit, P 5, 13 a.
535 1109 1530 1154 Poſtſcheck⸗Konto: Ernſt Nöltner, Mannheim, Konto Lud⸗
570 1151 852 1189 wigshafen 18 375.
461 1190 1468 1242 Bezirks⸗ und Ortsgruppenleiter: Karl Lenz, M. d. R.
525 1236 1529 1283 Mannheim, Tel. 317 15, oder Heidelberg, Tel. 3727.
535 1281 1264 1322 Sprechſtunden nach vorheriger Vereinbarung.
456 1324 1490 1368 Stellvertr. Bezirksleiter: Dr. Otto Orth. Di. u. Fr. 14—19 Uhr.
459 1370 1356 1412 Stellvertr. Ortsgruppenleiter: Hans Feit. 16—18 Uhr.
462 1413 1525 1457 Kaſſenverwaltung: Loewe. Täglich von 10—12 und 16—18 Uhr.
525 1449 1533 1490 Abrechnung für Beiträge der Sektionskaſſiere v. 15.—18. jd. Mts.
456 1496 1488 1537 Organiſation und Propaganda: Trautwein. 10—12 u. 16—18.
462 1539 1468 1580 Betriebszellen⸗Abteilung: Täglich von 10—12 u. 16—18 Uhr.
461 1585 1207 1624 Arbeitsvermittlung: Täglich von 16—18 Uhr.
462 1628 1459 1672 Kommunalpolit. Abteilung: Dr. Otto Orth. Di. u. Fr. 16—18.
458 1673 1138 1712 Rechtsberatung: Donnerstag ab 16 ½ Uhr.
453 1717 1383 1758 Opferring „Deutſche Freiheit“: Dipl.⸗Ing. A. Fehrmann.
529 1753 1500 1792 Donnerstag 18—19 Uhr. Poſtſcheck.: Ludwigshafen 5987.
463 1797 1394 1837 Landtagsfraktion: Prof. H. Kraft. Mi. von 17—19 Uhr.
459 1842 1501 1881 Verlagsleitung: „Das Hakenkreuzbanner“. 10—12 und 16—18.
534 1877 1531 1917 Poſtſcheck⸗Konto: Karl Lenz, M. d. R., Ludwigshafen 6775.
459 1923 1312 1962 Schriftleitung: Täglich von 8—10 und 16—19 Uhr.
463 1966 1397 2006 Preſſeamt: Haas. Täglich von 12—13 und 14—19 Uhr.
463 2011 1371 2053 Buchhandlung: Ernſt Nöltner. 9—12 und 14—19 Uhr.
456 2056 1346 2095 S. A.⸗Standarte: Feit. Donnerstags von 16—18 Uhr.
463 2097 1182 2143 S. A. Stuf: Feit. Täglich von 16—18 Uhr.
457 2144 1534 2183 S. A.⸗Kaſſe: Schmidt. Täglich v. 17—19 Uhr, außer Mi. u. Do.
462 2190 1313 2227 Hitler⸗Jugend: Kaiſer. Samstags von 16—18 Uhr.
462 2233 1490 2270 N. S. D. St. B.: Sprechſtunden nach vorheriger Vereinbarung.
462 2278 1407 2316 Schülerbund: Mittwochs und Samstags von 16—18 Uhr.
459 2321 1469 2360 N. S. D. A. K. (Automobilklub): Mittwochs von 16—18 Uhr.
459 2364 1469 2404 Deutſcher Frauenorden: Frau A. Roth. Sa. von 16—17 Uhr.
464 2408 1526 2447 Nationalſozialiſtiſche Leſehalle, U 6, 24. 9—12 und 14—18 Uhr.
534 2486 1527 2526 Beſuche zu anderer Zeit werden grundſätzlich nur in dringend⸗
463 2530 1525 2570 ſten Fällen und nur nach vorheriger telefoniſcher Abmachung
455 2571 644 2606 empfangen.
611 2617 1488 2666 Karl Lenz, M. d. R., Walter Köhler, M. d. L.
549 2717 1526 2763 Zellen⸗Obleute⸗Verſammlung. Montag, den 12. Jan.,
457 2762 1532 2807 abends 9 Uhr, findet im „Friedrichsring“, R 7, 34 eine
459 2806 1532 2852 Verſammlung ſämtlicher Zellenobleute ſtatt. Erſcheinen
456 2850 1530 2896 der Zellenobleute des geſamten Mannheimer Stadtbezirkes
461 2898 599 2941 Pflicht!
1624 250 2667 322 Nationalſozialiſten in den Bezirken
1725 331 2560 402 Mannheim und Weinheim!
1699 427 2679 476 Ihr habt mit uns bisher den Mangel empfunden,
1606 473 2674 521 den Anfeindungen, Lügen und Verleumdungen der geg⸗
1607 516 2682 565 neriſchen Preſſe machtlos ausgeſetzt zu ſein. Dieſem
1608 561 2681 610 Mangel ſoll nun abgeholfen werden. — Die Bezirke
1612 605 2674 652 Mannheim und Weinheim erhalten ihre eigene Zeitung.
1612 650 2673 697 Dadurch wird Euch, Parteigenoſſen und Parteigenoſſinen,
1606 695 2681 743 die Möglichkeit verſchafft, den roten Verleumdern ent⸗
1613 739 2678 788 gegenzutreten und in die Dunkelkammern der Demokratie
1612 787 2105 832 hineinleuchten zu können.
1695 829 2684 875 Deshalb, Parteigenoſſen und Parteigenoſſinnen, er⸗
1613 872 2674 921 geht an Euch der Ruf, mitzukämpfen für unſere Zeitung.
1606 917 2683 964 Von Euch und Eurer Mitarbeit iſt es abhängig, wann
1615 962 2685 1008 „Das Hakenkreuzbanner“ von der Wochenſchrift zur
1613 1006 2685 1054 Tageszeitung entwickelt werden kann. Jeder National⸗
1613 1050 2681 1098 ſozialiſt in den Bezirken Mannheim und Weinheim be⸗
1612 1096 2679 1143 ſtellt ſofort ſeine Zeitung und wirbt außerdem minde⸗
1612 1142 2248 1187 ſtens einen weiteren Abonnenten.
1694 1195 2236 1239 Alle tragen zum Erfolg bei!
2241 1247 2636 1291 Der Gauleiter:
2286 1300 2601 1342 Robert Wagner.
1922 1380 2357 1426 Ortsgruppe Weinheim.
1909 1452 2379 1500 Großer deutſcher Abend
1609 1513 2677 1562 am Samstag, den 10. Januar, abends ½ 9 Uhr, in der
1614 1563 2040 1608 Feſthalle Pfälzer Hof.
1692 1611 2682 1660 Alle Mitglieder, Anhänger und Freunde der Partei
1614 1655 2681 1706 ſind herzlich eingeladen. — Gegenſtände für die Ver⸗
1611 1699 2681 1751 loſung wollen bis 10. Januar beim Ortsgruppen⸗Führer
1609 1750 2110 1796 Köhler abgegeben werden.
1759 1834 2530 1883 Verſammlungskalender für den Bezirk:
1607 1897 2681 1945 Januar 15. Mannheim: Großdeutſche Kundgebung im
2125 1943 2420 1986 Nibelungenſaal.
1679 1986 2476 2035 „ 18. Mannheim: Gruf. Beſprechung.
1607 2046 2682 2097 Am Montag, den 12. Januar SA.⸗Dienſt der SA.
1693 2091 2681 2139 Mannheim. Antreten vor der Turnhalle der Kur⸗
1702 2137 2392 2186 fürſtenſchule, C 6, abends 19 ½ Uhr.
1608 2189 2681 2237 Am Donnerstag, den 15. Januar SA.⸗Dienſt der
1696 2233 2680 2281 SA. Mannheim. Antreten in der Wandelhalle des
1702 2280 2162 2327 Roſengartens 19 ½ Uhr.
1693 2330 2684 2379 Den Pg. aus Mannheim wurden zu Weihnachten
1607 2375 2680 2421 Lebensmittel in größeren Mengen geſpendet. Namens
1609 2419 2682 2468 aller Pg., welche ſolche Zuwendungen erhielten, dankt
1607 2463 2681 2512 die OG.⸗Leitung den Pg.⸗Spendern aus dem Bezirk
1605 2507 2676 2556 Mannheim und aus dem Bauland für ihre ſoziale Hilfe
1614 2555 2053 2603 auf das allerherzlichſte.
2042 2603 2631 2651 OG. Mannheim der NSDAP.
1606 2736 2230 2794 Unſere Leſer bevorzugen
1804 2804 2500 2863 auch bei kleinen Einkäufen
2209 2875 2682 2932 unſere Inſerenten.
3178 244 3402 306 Achtung!
2826 319 3769 384 Funktionäre des Bezirkes Mannheim!
2837 404 3829 447 Am Sonntag, den 18. Januar, morgens 8 ¾ Uhr, findet
2756 444 3827 488 im großen Saale des Wartburg⸗Hoſpizes in Mannheim,
2755 482 3827 527 F 4, 8/9, eine Führertagung ſtatt, an der folgende Funk⸗
2756 527 3083 567 tionäre teilnehmen:
2759 567 3827 615 Vom Land: Ortsgruppenführer, Kaſſier, Schriftführer, Preſſe⸗
2839 611 3832 656 obmann, Gemeinde⸗, Kreis⸗ und Bezirksabgeordnete und
2837 655 2928 691 Räte.
2756 691 3830 736 Von Mannheim: Ortsgruppenleitung, Stadtverordnete und
2839 734 3084 779 Sektionsleiter.
2835 788 3827 833 Obengenannte Funktionäre haben unbedingt an dieſer
2757 829 3827 874 Tagung teilzunehmen. Entſchuldigungen ſchriftlich und nur
2758 866 3828 913 dann gültig, wenn ein Vertreter für den Fehlenden erſcheint.
2762 909 3827 952 Sollte es infolge ſchlechter Zugverbindung auswärtigen Pg.
2757 948 3830 993 unmöglich ſein, pünktlich zu erſcheinen, ſo haben die Betref⸗
2762 988 3836 1034 fenden ſchon am Samstag in Mannheim zu ſein. Für Quar⸗
2757 1028 3827 1071 tiere wird, wenn Meldung erfolgt iſt, von der Bezirksleitung
2763 1074 2890 1113 geſorgt.
2833 1118 3692 1162 Auf der Tagesordnung ſtehen folgende Punkte:
2757 1165 3826 1212 1. Politiſche Lage K. Lenz, Ortsgruppenführer.
2760 1207 3676 1250 2. Organiſation und Propag. Dr. Orth, Stadtrat.
2762 1247 3679 1290 3. Kommunalpolitik (Stadt) Dr. Orth, Stadtrat.
2932 1286 3764 1330 (Land) V. Treiber, Gemeinderat.
2760 1328 3701 1370 4. Zeitung H. Runkel, Stadtrat.
2806 1368 3506 1408 Mitarbeit Dr. Roth.
2812 1405 3824 1451 Inſeraten⸗Abteilung G. Fiehler und Otto Heller.
2755 1445 3829 1492 5. Beantwortung von Anfragen aus dem Fragekaſten und
2806 1492 3000 1531 Ausſprache.
2838 1533 3831 1578 Um eine unnötig große Debatte zu vermeiden, bitten
2759 1574 3835 1619 wir, Fragen über alle Gebiete bei der Bezirksleitung einzu⸗
2758 1613 3830 1660 reichen. Dieſe Fragen werden von den einzelnen Rednern bei
2758 1658 3370 1702 ihrem Thema berückſichtigt werden.
2838 1739 3833 1783 Am Dienstag, den 13. Januar, abends 20 Uhr, findet
2756 1779 3830 1825 im Lokal zum Friedrichsring, R 7, 34, ein Steuerkurs für
2763 1818 3836 1866 Pg. und Freunde unſerer Bewegung ſtatt. Referent: Otto
2758 1858 3831 1906 Erhard, Steuerſyndikus. Intereſſenten wollen ſich ſofort auf
2765 1905 3209 1943 der Geſchäftsſtelle melden.
2837 1993 3837 2037 Am 1. Januar 1931 hat Staf. Pflaumer die SA.⸗Füh⸗
2760 2034 3836 2079 rung der Standarte 2 wegen Arbeitsüberhäufung als Stadt⸗
2758 2073 3836 2116 rat und Leiter der kommunalpolitiſchen Abteilung in Heidel⸗
2758 2113 3835 2159 berg niedergelegt. Es iſt der Bezirksleitung Mannheim⸗
2758 2153 3835 2199 Weinheim Bedürfnis, dem ſeitherigen Standartenführer Karl
2762 2195 3686 2239 Pflaumer für ſeine Dienſte den Dank auszuſprechen.
2838 2233 3833 2278 Der ſeitherige Stuf. Hans Feit⸗Mannheim wird die Stan⸗
2756 2279 3077 2315 darte übernehmen.
2834 2341 3834 2385 Mit dem heutigen Tag übernehme ich die Standarte 2.
2760 2382 3610 2425 Alle diesbezüglichen Schreiben haben zu lauten:
3082 2431 3517 2473 Staf. 2 z. H. Hans Feit
3328 2474 3796 2520 Mannheim, P 5, 13 a.
2837 2562 3834 2605 Stabe: Stärkemeldung: 15. Januar 1931. Antreten Sta.
2759 2602 3831 2644 am 15. Januar 1931, pünktlich 20 Uhr; Garten vor dem
2755 2642 3796 2687 Nibelungenſaal Mannheim. Staf. Feit.
2837 2726 3836 2771 Wenn Ihnen bekannt iſt, daß irgendwo eine Arbeits⸗
2759 2766 3833 2812 kraft geſucht wird, ſo wenden Sie ſich bitte ſofort an die
2758 2807 3833 2852 Geſchäftsſtelle. Unter den 70 Prozent Arbeitsloſen, die wir
2757 2847 3831 2892 in unſerer Ortsgruppe haben, ſind alle Berufsgruppen ver⸗
2759 2895 2867 2931 treten.
641 3102 760 3143 Unser
553 3146 1592 3349 TOTAL-
549 3359 1591 3480 AUSVERKAUF
637 3480 675 3526 in
631 3530 1591 3635 Ski-Sport- und allen
628 3637 1326 3739 Sport-Artikeln
626 3748 1285 3791 wegen Aufgabe dieser Abteilung
631 3799 1611 3851 Sportmäntel, Gummi- und Loden-
628 3852 1451 3905 Mäntel, Sport-Trench-Coats.
633 3906 1403 3957 Tennis-Schläger, Fußbälle,
632 3960 1182 4011 Fußballstiefel usw.
633 4014 928 4059 hat begonnen.
626 4067 1565 4113 Auf die bisherigen Preise gewähren wir bis zu
634 4126 1264 4233 50 % Rabatt
541 4245 1582 4466 HILL & MÜLLER
776 4485 1337 4537 Kunststraße N 3, 11-12
1537 4506 1571 4539 66
758 4706 1247 4750 Wein-Einkaufs- und
758 4759 1247 4806 Verkaufs-Geschäft
862 4823 1144 4853 direkt vom Winzer
761 4867 1245 4925 A. MESSERSCHMIED
763 4931 1245 4969 Mannheim Neckarvorstadt
786 4976 1221 5010 Pestalozzistr. 35 — Telefon 31067
786 5021 1219 5053 Tüchtige Vertreter gesucht.
1297 4648 1678 4710 KAYSER
1330 4719 1637 4762 Nähmaschinen
1337 4764 1549 4805 Fahrräder
1337 4813 1632 4849 günstige Zahlungs-
1332 4850 1548 4884 bedingungen
1295 4889 1677 4923 Sämtliche Ersatz- und
1295 4925 1670 4961 Zubehör-Teile billigst.
1294 4961 1676 5001 Reparatur. Werkstätte
1293 5008 1673 5065 Penn, Mannheim
1640 5069 1672 5103 81
1410 5067 1553 5102 R 3, 16
1744 3016 2122 3051 Fräulein mit Oberſekunda⸗
1740 3052 2121 3087 reife u. Höh. Handelsſchul⸗
1740 3088 1937 3124 bildung ſucht
1800 3123 2059 3159 kaufm. Lehrſtelle
1738 3159 2121 3194 in nur deutſchem Hauſe.
1741 3196 2121 3231 Zuſchriften erbeten unter
1740 3231 2119 3266 Nr. 206 an die Geſchäfts⸗
1743 3267 2080 3303 ſtelle der Ztg. P 5, 13 a.
1849 3329 2004 3364 Anſtändige
1758 3365 2096 3400 Waſch⸗ und Putzfrau
1741 3400 2120 3436 per ſofort geſucht. Zu er⸗
1740 3436 2122 3472 fragen in der Geſchäfts⸗
1740 3472 2115 3508 ſtelle der Ztg. P 5, 13 a
1738 3534 2120 3609 Zigarren-Haus Huckele
1772 3614 2086 3651 Fabrikniederlage
1772 3651 2083 3686 en gros : en detail
1737 3705 2117 3747 Weinheim a. d. B.
1735 3749 2119 3786 Hauptstraße Nr. 105
1815 3811 2004 3856 Zigarren
1811 3864 2034 3908 Zigaretten
2084 3933 2114 3962 10
1810 3917 1987 3962 Tabake
1737 3987 2034 4031 Kauft Euere
1733 4043 2035 4107 LEKTÜRE
2043 4110 2113 4140 n der
1787 4141 2040 4199 Völkischen
1785 4205 2106 4266 Buchhandlung
2560 3108 3430 3202 Staunend billige Preise!
2869 3254 3123 3298 Ein Posten
2312 3321 3680 3460 Qualitäts-Strickwaren
2508 3492 3484 3657 teils bis zu 50 % herabgesetzt
2540 3696 3434 3748 Selten günstige Gelegenheit zum Einkauf von
2458 3774 3520 3823 Strickwesten, Pullover, Kleider, Mützen, Schals
2643 3844 3349 3890 für Damen, Herren und Kinder
2684 3937 3432 4105 Daut, F 1, 4
2308 4112 3668 4156 Mannheim Breitestraße neben dem alten Rathaus
1727 4534 1941 4560 Zum Verkauf
1724 4561 1945 4588 kommen n. meine
1725 4589 1943 4614 bekannt guten
1727 4615 1944 4640 Qualitäten und
1739 4643 1931 4668 keine für diese
1745 4669 1918 4696 Veranstaltung
1757 4697 1911 4724 geramschten
1735 4724 1929 4750 minderwertigen
1788 4750 1879 4775 Waren.
1724 4777 1942 4803 Deshalb ist jeder
1726 4804 1942 4829 Kauf ein Gewinn
1725 4831 1938 4859 für den Käufer.
1776 4381 1945 4457 Mein
2072 4352 2960 4456 nventur-Ausverkauf
2151 4477 2850 4514 bringt ganz gewaltige Preiskürzungen in
2153 4534 2911 4578 Herren- und Knabenkleidung
2151 4587 2958 4631 Damenmänteln, Kleiderstoffen
2151 4639 2955 4682 Manufaktur- u. Wollwaren, Trikotagen.
2132 4745 2328 4815 Fritz
2189 4702 2949 4902 Fanzer
1725 4929 2124 4958 Verkauf nur geg. bar. Kein Umtausch.
2325 4904 2722 4948 WEINHEIM
1721 4996 2960 5094 Kauft nicht bei Juden!
3009 4600 3153 4649 Hüte
3118 4673 3329 4725 Mützen
3223 4738 3446 4797 Schirme
3225 4812 3554 4854 zu Inventurpreisen!
3014 4894 3413 5018 Heisel,
3438 4890 3656 4979 H 1, 7
3444 4977 3640 5015 (Breitsraße)
3607 5031 3658 5066 88a
3011 5028 3405 5063 (Inhaber: Karl Allmis)
