4109 5477
530 165 732 220 Nr. 1/1931
1895 166 2543 212 Das Hakenkreuz⸗Banner
3760 168 3901 210 Seite 7
683 273 3737 490 Nährſtand / Lehrſtand / Wehrſtand
532 544 1596 633 Der Staatsfeind im Rundfunk.
613 658 1593 705 NSPD. Unter dieſer Überſchrift ſchreibt der Angriff:
624 712 1593 759 „Die Judenpreſſe ärgert ſich giftig. „Skandal:
536 757 1593 804 Der Rundfunk gibt einem Staatsfeind das
522 801 1594 848 Wort“, ſo zetert ein jüdiſches Spätabendblatt. Es findet
528 844 1593 895 auf einmal die politiſche Zenſur im Rundfunk unerhört
526 889 1593 937 und macht die mertkwürdige Entdeckung, daß dieſe Zenſur
523 934 1592 983 ſich einſeitig „gegen Republikaner und Linkspolitik“
528 979 1596 1027 richte. Warum? Weil zum erſtenmale in der Ge⸗
532 1023 1592 1072 ſchichte des Rundfunks, in dem ſich bisher nur bürger⸗
533 1068 1593 1116 liche und marxiſtiſche Redner produzieren durften, ein
531 1112 1593 1160 Nationalſozialiſt zu Worte gekommen iſt. Gottfried
532 1157 1592 1204 Feder hatte geſtern abend ein Zwiegeſpräch mit dem
531 1200 1592 1249 Sozialdemokraten Nölting über das Thema: „So⸗
532 1247 1225 1294 zialismus und Nationalſozialismus“.
619 1290 1599 1336 Der Verlauf dieſes Geſprächs zeigte eines klar:
529 1335 1600 1383 daß es keine Brüche gibt zwiſchen Materialismus
530 1379 1593 1424 und Idealismus. Für den marxiſtiſchen Profeſſor
530 1424 1595 1471 Nölting war die Frage des Sozialismus ein reines
528 1468 1598 1514 materielles Problem und er ſtand deshalb Feders
532 1511 1593 1559 Aufführungen, daß der Sozialismus zuerſt ein ethi⸗
531 1558 1591 1604 ſches Problem, das Problem einer neuen Geſinnung,
531 1604 1322 1648 iſt, vollkommen verſtändnislos gegenüber.
618 1646 1594 1693 Nöltings „Sozialismus“ baut ſich lediglich auf
531 1691 1598 1737 niederſten menſchlichen Inſtinkten, in erſter Linie dem
530 1735 1591 1781 Neid auf. Aber auf der Baſis des Neides läßt ſich
523 1780 1591 1825 niemals ein echter Sozialismus, eine Volksgemeinſchaft,
531 1824 1594 1870 aufbauen. Gerade dieſe Ausführungen Nöl⸗
527 1869 1595 1916 tings zeigten wie recht Feder hatte, ſich da⸗
532 1914 1595 1960 gegen zu verwahren, daß man uns „ſozia⸗
519 1958 1598 2003 liſtiſche" Tendenzen von dieſer Art unter⸗
531 2007 659 2049 ſtelle.
617 2048 1599 2093 Sozialismus im nationalſozialiſtiſchen Sinne iſt, wie
532 2092 1598 2138 Feder darlegt, Dienſt an der Volksgemein⸗
528 2137 1601 2182 ſchaft. Alles, was der Volksgemeinſchaft nützt, iſt ſo⸗
532 2180 1597 2226 zialiſtiſch. Auf dieſer ethiſchen Grundlage ſtehend, erhebt
528 2226 1592 2270 Feder dann die Forderung nach Sozialiſierung,
531 2269 1599 2314 d. h. Verſtaatlichung des Leihkapitals, der Verkehrs⸗
527 2315 1596 2358 mittel und der Truſts. Das Privatkapital, ſoweit es
529 2356 1590 2403 nicht zum Schaden der Volksgemeinſchaft eingeſetzt wird,
529 2400 1591 2446 ſoll dagegen ſelbſtverſtändlich unangetaſtet bleiben. Auch
529 2443 1591 2489 das Streben des Proletariers geht ja schließlieh nicht
528 2489 1592 2534 dahin, daß keiner etwas haben ſoll, ſondern, daß er
528 2534 901 2579 auch etwas habe.
615 2575 1592 2622 Nölting ſtand dieſer Grundauffaſſung natürlich ver⸗
527 2619 1593 2668 ſtändnislos gegenüber. Er ſuchte immer wieder, die
526 2664 1587 2711 Diskuſſion ins rein materialiſtiſche Fahrwaſſer zu
523 2707 1593 2753 lenken, oder durch einige dialektiſche Kniffe unangenehme
526 2752 1594 2799 Wahrheiten zu parieren. Er wird damit auf die Hörer
525 2796 1591 2844 wenig Eindruck gemacht haben. Den „Sozialis⸗
1679 541 2744 586 mus“ der Sozialdemokratie haben wir ja
1681 587 2744 634 jetzt in 12 Jahren zur Genüge kennen ge⸗
1680 630 1811 672 lernt.
1773 676 2747 720 Als Nölting das Problem der Wirtſchafts⸗
1675 719 2748 765 demokratie anſchnitt, verwies ihn Feder auf den
1681 765 2743 808 3. Januar, an dem ein zweites Zwiegeſpräch
1683 810 2745 855 dieſer Art ſtattfinden ſoll, da das Problem an dieſem
1677 854 2744 899 Abend zu weit führen würde. Das Ganze war für
1682 899 2749 944 jeden Denkenden ein voller Sieg des National⸗
1682 943 2563 989 ſozialismus über den Marxismus.“
1767 988 2742 1033 Wir fügen noch hinzu, daß Gottfried Feders Worte,
1678 1033 2743 1078 die von echt nationalſozialiſtiſchem Angriffsgeiſt getragen
1676 1077 2741 1121 waren, wie eine Fanfare klangen, während Prof.
1682 1121 2751 1167 Nöltings letzte Worte eine Chamade waren. Mit
1681 1166 2743 1212 beſonderer Befriedigung konnten wir Feders Zuverſicht
1683 1210 2742 1256 hören, daß die NSDAP. bei den nächſten Wah⸗
1679 1257 2349 1301 len die ſtärkſte Partei wird.
1766 1300 2752 1345 Da es der Judenpreſſe ſo gar nicht in den Kram
1683 1344 2743 1391 paßte, daß ein Nationalſozialiſt im Rundfunk überhaupt
1683 1389 2743 1435 ſprechen durfte, verſucht Feder, den „ökonomiſchen
1679 1434 2754 1480 Generalſtabschef des Nationalismus“ — wie
1683 1478 2743 1525 ihn Nölting nannte — lächerlich zu machen, was nicht
1678 1523 2753 1569 anders zu erwarten war. Dabei entſchlüpft der „Welt
1677 1568 2750 1612 am Abend“ der Satz von den „völig unzureichen⸗
1675 1613 2752 1658 den und in jeder Beziehung verfälſchten
1672 1657 2670 1704 marxiſtiſcher Erwiderungen Nöltings!“
1771 1702 2751 1746 Alles in Allem war dieſes Rundfunk⸗
1683 1747 2753 1794 geſpräch ein glänzender Erfolg Feders und
1674 1790 2754 1837 des Nationalſozialismus überhaupt. Es
1677 1838 2474 1883 wird am 3. Januar fortgeſetzt werden.
1701 1918 2724 1968 Reichstagsrede des Abgeordneten Pg. Börger
1930 1972 2508 2022 am 12. Dezember 1930.
1760 2042 2748 2086 Meine Damen und Herren! Zwei Tage nach dem
1683 2086 2749 2133 Unglück in Alsdorf bei Aachen ſtand in der „Bergwerks⸗
1681 2131 2753 2177 zeitung“ zu leſen: Die Dividenden dieſer Grube ſind bis
1676 2175 2741 2222 1941 nicht gefährdet. (Hört, hört! bei den Nationalſoz.)
1681 2220 2739 2266 Die Bergleute ſind noch nicht aus der Grube geborgen,
1681 2264 2749 2310 ſind noch nicht alle gerettet, die Mütter und Kinder
1679 2309 2740 2352 weinen und jammern, und die „Bergwerkszeitung“
1678 2352 2746 2397 ſchreibt: Die Dividenden ſind bis 1941 nicht gefährdet.
1681 2398 2741 2442 (Hört, hört! bei den Nationalſoz.) Derjenige, der das ge⸗
1680 2441 2748 2486 ſchrieben hat, müßte ins Zuchthaus. (Sehr gut! und
1676 2486 2365 2530 Händeklatſchen bei den Nationalſoz.)
1761 2530 2750 2573 Nun etwas aus der Praxis und für die Praxis! Es
1673 2573 2740 2617 war ein Tag vor Oſtern 1919. Im Ruhrgebiet ſtreikte
1671 2614 2741 2665 alles. Mein Vater war auf der Zeche Dahlbuſch Schacht 6
1675 2662 2744 2706 Oberſteiger. Wir Söhne mußten mit Einverſtändnis des
1670 2706 2745 2750 Herrn Leiters der Bergarbeiterverbände Koſſeck von
1675 2751 2744 2795 Schacht 6 als Beamtenſöhne arbeiten. Das geſchah mit
1670 2795 2745 2842 Erlaubnis des Herrn Koſſech. Der Betriebsratsobmann
2836 532 3906 576 Koſſeck gab uns die Erlaubnis, weil er wußte, daß, wenn
2829 577 3904 621 die Bergarbeiter darauf beſtanden, mein Vater von der
2834 621 3897 666 Zeche heruntergeflogen wäre, und es mußten die Not⸗
2835 665 3898 710 ſtandsarbeiten an den Pumpen gemacht werden. Alſo
2835 710 3904 754 auf den ſtillen Druck des Generaldirektors Keſten von
2836 754 3905 799 Zeche Dahlbuſch gingen wir hin und arbeiteten. Mein
2832 799 3904 843 Bruder war 15 Jahre alt — mit 16 Jahren darf man
2834 843 3902 889 erſt in die Grube fahren — und bekam Befehl, mit einem
2834 888 3902 933 Schloſſer, der 18 Jahre alt war, in den Schacht 8 einzu⸗
2834 932 3901 977 fahren, um dort die Pumpen im Schacht anzuſehen. Sie
2835 977 3896 1022 fuhren auf Schacht 6 ein, gingen unter Tage bis zum
2831 1021 3904 1066 Schacht 8, machten die Arbeit fertig, kamen zurück, und
2833 1066 3897 1111 jetzt geht mein Bruder hin und ſchmeißt das Werkzeug
2832 1109 3903 1154 auf den Korb. Wenn der Korb nicht beladen iſt, ſteht er
2831 1153 3903 1197 immer einen halben Meter höher, als die Sohle iſt. Mein
2826 1199 3912 1243 Bruder ſteht alſo mit einem Bein auf dem Korb, mit dem
2829 1243 3905 1287 anderen ſteht er auf der Hängebühne, als er das Werk⸗
2832 1287 3904 1332 zeug in den Korb legt. In dem Moment wird der Korb
2832 1331 3906 1377 weggeriſſen und mein Bruder, der zum erſten Mal in
2831 1377 3903 1420 der Grube war, der zwei Stunden in der Grube war, war
2824 1422 3895 1466 in drei Stücke geriſſen. Was war der Grund, warum
2825 1467 3896 1510 wir Beamtenſöhne arbeiten mußten: Es war der ſtille
2825 1510 3895 1555 Druck dieſes Generaldirektors Keſten von Zeche Dahl⸗
2824 1555 3896 1599 buſch, daß wir Beamtenſöhne arbeiten mußten, weil ſonſt
2824 1599 3901 1644 der Vater auf die Straße flog. Hier haben Sie den inne⸗
2826 1644 3902 1687 ren Grund dafür, warum mein Bruder an dem Tage ver⸗
2823 1690 3043 1733 unglückt iſt.
2915 1733 3895 1777 Weiter! Im Jahre 1918 ereignete ſich kurz nach
2830 1777 3895 1822 Weihnachten — Sie werden es wiſſen — auf der Zeche
2830 1821 3895 1867 Dahlbuſch auf Schacht 6 auf Flöz Viktoria eine Schlag⸗
2831 1866 3901 1911 wetterexploſion, die erſte, die da geweſen iſt. Mein Vater
2826 1908 3903 1956 war auf Flöz Viktoria und iſt ohne Rettungsapparate in
2823 1956 3893 2000 das Revier hineingelaufen und hat zwei Steiger gerettet,
2827 2001 3902 2046 war aber von dem Tage ab lungenkrank. Nach den Vor⸗
2831 2045 3904 2089 ſchriften der Bergbehörden muß, wenn Rettungsmann⸗
2830 2089 3895 2133 ſchaften aus der Grube herauskommen, oben am Schacht
2827 2134 3906 2178 entweder Cognac oder ſehr ſtarker Kaffee ſtehen. Wer
2829 2179 3900 2222 ſtand oben am Schacht, als mein Vater mit den Gerette⸗
2826 2222 3126 2265 ten herauskam?
2918 2267 3893 2310 Da ſtanden die Herren von der „Direktion.“ Noch
2829 2312 3897 2355 nicht einmal ein Dankeſchön wurde ihm zuteil, nicht eine
2822 2356 3893 2400 Taſſe Kaffee, noch nicht einmal gefragt wurde er, wie
2829 2400 3894 2444 ſich die Rettung vollzogen hat! Mein Vater kam nach
2828 2444 3893 2488 Hauſe und brach zuſammen; ein halbes Jahr ſpäter haben
2825 2488 3570 2533 wir auch ihn auf den Kirchhof getragen.
2912 2532 3906 2578 Meine Damen und Herren! Grundſätzlich ſage ich:
2824 2577 3894 2622 Die Not des deutſchen Volkes liegt in der Einſtellung der
2822 2622 3894 2666 ganzen derzeitigen Machthaber, der Banken und ihrer
2820 2666 3893 2711 Tributpflichtigen. Im Mittelpunkt aller Intereſſen ſteht
2826 2709 3890 2755 heute nicht mehr das Schickſal des deutſchen Menſchen,
2827 2755 3193 2799 ſondern der Profit.
2908 2799 3557 2843 Das iſt die Not unſeres Volkes!
682 2922 1427 2969 (Fortſetzung der Rede des Abg. Kube.)
518 2976 1591 3022 den parteipolitiſchen Haß dieſes Verwaltungsbeamten in
523 3020 1588 3070 Frankfurt / Oder herauszufordern und infolgedeſſen aus
523 3066 1589 3111 Preußen ausgewieſen zu werden. Und dann ſoll man der
522 3110 1582 3155 Sozialdemokratie, was wir ja nicht tun, glauben,
517 3154 1583 3199 ihr ſei der Anſchlußgedanke Deutſch⸗Öſterreich gegenüber
518 3203 823 3244 ernſt zu werten.
605 3244 1588 3287 Meine Herrn von der Sozialdemokratie, wenn
514 3287 1587 3333 überhaupt der Staatsgedanke einen Sinn hat, dann hat
514 3333 1581 3377 er den Sinn, allen Volksgenoſſen, die im ge⸗
521 3377 1587 3422 ſchloſſenen Siedlungsgebiet leben, die einheitliche Organi⸗
520 3421 1582 3466 ſation des Staates zu gehen. Wenn der Völkerbund, für
512 3465 1584 3510 den die Preußiſche Regierung durch ihre im Reichsrat be⸗
514 3510 1580 3555 triebene Politik mit eintritt, einen Sinn hätte, müßte
519 3555 1588 3599 auch der Völkerbund den Anſprüchen der im geſchloſſenen
518 3599 1580 3644 Siedlungsgebiet in Mitteleuropa lebenden Deutſchen Rech⸗
515 3644 1580 3689 nung tragen und ihnen die Gelegenheit zum ſtaatlichen
519 3687 1586 3733 Zuſammenſchluß geben. (Sehr richtig! b. d. Natſoz.) Das
514 3732 1587 3775 verhindert die politiſche Leitung des Völkerbundes, vor
514 3776 1582 3820 allen Dingen die Einſtellung Polens, Tſchechiens und
510 3821 1578 3863 der Franzoſen. Aber meine Herren von der Preußiſchen
510 3865 1580 3909 Regierung, wenn Sie vielleicht ſagen können, daß bei
514 3909 1585 3953 der gegenwärtigen politiſchen Konſtellation Europas es
517 3953 1581 3998 unmöglich erſcheint, die Sudetendeutſchen, die Deutſch⸗
518 3998 1584 4041 Öſterreicher, Oſtmarkdeutſchen, die Südtiroler und andere
517 4042 1581 4086 Deutſche ins Reich zurückzuführen, dann ſollte ſich die
517 4087 1584 4131 preußiſche Regierung wenigſtens dafür einſetzen, den⸗
516 4131 1576 4175 jenigen Deutſchen aus jenen Ländern und Stammgebieten,
512 4176 1578 4220 die in Preußen Aſyl ſuchen und in dieſem Preußen
514 4221 1588 4263 weiter nichts tun, als ſich zur Nation zu bekennen, die
516 4264 1577 4308 Möglichkeit zu geben, in Preußen zu bleiben und ſie nicht
513 4309 1582 4353 mit derartigen üblen Metterniſch'chen Methoden, wie die
514 4354 1575 4398 untergeordneten Verwaltungsinſtitute des gegenwärtigen
514 4398 1580 4442 Syſtems es belieben, von Land zu Land zu jagen, aus
514 4442 1579 4486 Preußen zu entfernen und ſie auf Grund der Macht und
514 4486 1575 4531 nicht auf Grund des Rechts der Staatsangehörigkeit zu
513 4532 1578 4576 entkleiden. Ich bin der Meinung, daß eine deutſch⸗
517 4575 1581 4620 geſinnte Regierung allen Anlaß hätte, jedem deut⸗
516 4618 1580 4665 ſchen Volksgenoſſen, der Heimatrecht in Deutſchland
516 4663 1577 4709 ſucht, nicht nur Aſylrecht, ſondern auch Bürgerrecht zu
516 4706 692 4751 gewähren.
603 4751 1573 4799 Ich erinnere daran, daß z. B. der Siebenbürger
516 4795 1579 4843 Arzt Fr. Fink von einem Landrat im Kreiſe Luckau eben⸗
516 4841 1578 4889 falls wegen ſeiner deutſchen Geſinnung und national⸗
515 4884 1580 4932 ſozialiſtiſchen Betätigung ausgewieſen worden iſt. (Hört!
515 4928 1571 4977 Hört! b. d. Natſoz.) Ich erinnere an Vorfälle ähnlicher
512 4973 1582 5022 Art im Weſten des Reichs. Jetzt häufen ſich gerade in
510 5014 1570 5066 der Provinz Brandenburg darartige Fälle außerordent⸗
510 5060 688 5109 lich ſtark.
1757 2921 2741 2965 Wenn Herr Severing den Freiherrn vom Stein
1676 2965 2735 3010 zitiert, bitte ich, es nicht nur beim Zitat zu laſſen, ſondern
1675 3010 2735 3055 auch die praktiſche Nutzanwendung zu geben. Daß die
1675 3055 2735 3100 gegenwärtige preußiſche Regierung das Auslandsdeutſch⸗
1672 3099 2740 3144 tum und die Fühlungnahme mit ihm grundſätzlich be⸗
1669 3144 2734 3189 kämpft, zeigt uns das Verhalten des Miniſters für
1674 3189 2732 3234 Volksbildung gegenüber dem Verein für das Deutſchtum
1669 3234 2736 3278 im Ausland. Auch hier kann man feſtſtellen: was nutzen
1668 3278 2733 3323 all die ſchönen Phraſen, die Herr Grimme bei ſeiner
1667 3322 2740 3368 Rede in Königsberg zum beſten gegeben hat, wenn in
1666 3367 2731 3412 der Praxis ein Verein wie der V. D. A. ebenfalls durch
1664 3412 2732 3457 die Verwaltungsmethoden des gegenwärtigen Syſtems
1663 3454 2738 3499 unterdrückt wird! Meine Herren, dann hätten Sie als
1671 3501 2737 3546 Träger des Staatsgedankens und der Staatsautorität
1670 3546 2733 3591 wenigſtens die Aufgabe, das, was Sie bei privatrechtlichen
1671 3591 2731 3635 Organiſationen nicht zulaſſen, von ſeiten der ſtaatlichen
1670 3635 2738 3680 Schulverwaltung zu tun, dann hätte der preußiſche Staat
1663 3680 2730 3724 und hätte darüber hinaus das Reich — es wäre die Auf⸗
1670 3724 2730 3769 gabe Preußens, im Reichsrat als ſtärkſtes Land dafür
1662 3769 2732 3813 einzutreten — die Pflicht, die in ſeiner gegenwärtigen
1661 3813 2729 3857 Form der Republik von Weimar mit allen Deutſchen,
1668 3857 2729 3902 zum mindeſten in Europa auch durch Staatsmittel auf⸗
1670 3902 2735 3945 recht zu erhalten. Statt deſſen verfügen Sie
1662 3946 2730 3990 in dieſem Etat über Geheimfonds zur Be⸗
1663 3991 2735 4035 kämpfung der eigenen Volksgenoſſen in
1662 4035 2734 4079 der Heimat. Statt deſſen bilden ſich bei ihnen alle
1662 4080 2733 4124 möglichen Organiſationen, um die Staatsautorität ein⸗
1668 4125 2736 4169 zuſtellen gegenüber beſtimmten politiſchen Organiſationen
1662 4169 2737 4213 in der Heimat. Sie laſſen jedes, aber auch jedes Mittel
1659 4213 2729 4257 ungenutzt, um dem Deutſchtum in Europa die Gewißheit
1666 4258 2725 4302 zu geben: hier in dieſem Staate beſteht eine Organiſation,
1663 4302 2725 4346 die ſich mit euch nicht nur phraſeologiſch, ſondern auch,
1666 4347 2733 4391 ſagen wir: organiſch verbunden fühlt und ſich mit der
1663 4392 2725 4435 Tat für euch einſetzt. Nun verzichtet aber das gegen⸗
1657 4436 2735 4480 wärtige Syſtem darauf, eine derartige Aufgabe als
1661 4480 2730 4525 Staatsaufgabe zu betrachten, was ſeine Pflicht wäre.
1662 4534 2733 4578 Denn es iſt Aufgabe des Staates, ſich für
1659 4579 2733 4623 das Deutſchtum einzuſetzen; wir ſind nicht der
1658 4623 2730 4668 Staat des aus der Tſchechoſlowakei eingewanderten Mi⸗
1663 4668 2731 4713 niſterialrats Thejeſſy, ſondern wir ſind der Staat des
1658 4713 2735 4757 deutſchen Volkes, und einer der Herren aus der
1656 4757 2731 4802 Mitte des Hauſes hat neulich zum Ausdruck gebracht, wir
1662 4802 2732 4846 ſeien auch heute noch im gewiſſen Sinne ein National⸗
1662 4847 2724 4891 ſtaat. Das unterſtreichen wir Nationalſozialiſten durch⸗
1654 4891 2722 4935 aus; denn innerhalb der heutigen deutſchen Grenzen iſt
1660 4934 2731 4980 ja die deutſche Nation mit ungefähr 99 % der Bevöl⸗
1656 4978 2721 5025 kerung vertreten. Aber, meine Damen und Herren, dann
1659 5021 2729 5070 ſollten Sie wenigſtens ſo liberal, dann ſollten Sie wenig⸗
1658 5068 2728 5114 ſtens ſo entgegenkommend ſein, daß Sie dem VDA. in
2827 2924 3896 2968 ſeiner notwendigen Arbeit, in der Arbeit, die Sie
2826 2968 3890 3014 eigentlich leiſten müßten, nicht unnötige Schwierigkeiten
2824 3013 2961 3057 machen.
2916 3058 3895 3103 Ich möchte nur die Frage an den Herrn Staats⸗
2825 3102 3894 3147 miniſter Severing richten: Geſchieht es mit ſeinem Ein⸗
2817 3147 3892 3193 verſtändnis, daß die Deutſchenverfolgung durch
2825 3191 3889 3238 Regierungspräſidenten, Landräte uſw. in Preußen gerade
2819 3236 3891 3282 in der letzten Zeit einen außerordentlich ſtarken Umfang
2817 3281 3896 3326 annimmt? Billigt der Herr Staatsminiſter des Innern
2816 3325 3896 3371 das unerhörte Vorgehen des Regierungspräſidenten
2819 3370 3895 3415 Dr. Fitzner in Frankfurt a. O. gegen jeden Sudetendeut⸗
2823 3415 3891 3460 ſchen, gegen jeden ſiebenbürgiſchen Deutſchen, der inner⸗
2822 3458 3892 3504 halb des preußiſchen Staatsgebietes ſeiner nationalen
2823 3504 3889 3550 Meinung Ausdruck gibt? Wenn der Herr Staatsminiſter
2823 3549 3887 3594 dieſe Fragen verneint, wenn er von derartigen primitiven
2823 3593 3893 3638 Methoden einer angſterfüllten Parteiſubalternität ab⸗
2821 3637 3887 3683 rückt, dann wollen wir ihm glauben, daß ſeine Äußerung
2820 3682 3889 3728 und ſein Zitat mit Bezug auf den Freiherrn vom Stein
2821 3727 3885 3772 nicht lediglich einem literariſchen Bedürfnis entſprach,
2821 3772 3889 3817 ſondern wirklich von dem Ernſt der Überzeugung und
2821 3817 3893 3861 vor allem von dem Ernſt der Pflicht, die gerade einem
2820 3861 3890 3905 preußiſchen Staatsminiſter dem Deutſchtum gegenüber
2816 3906 3199 3949 obliegt, getragen iſt.
3023 3989 3665 4048 Aller Anfang iſt ſchwer.
2898 4074 3890 4118 Beginne am Kleinen, am Einzelnen, der Erfolg wird
2814 4116 3885 4162 nicht ausbleiben. Sinnſprüche, die beſſer als ihr Ruf
2812 4160 2982 4205 ſind. —
2903 4207 3887 4251 Um einem tiefgefühlten Bedürfnis abzuhelfen — wenn
2811 4251 3883 4297 man ſo viele Schritte rückwärts tut, wie der gegenwärtige
2810 4296 3889 4339 bad. Kultusminiſter, muß man auch einmal einen vor⸗
2809 4340 3889 4385 wärts tun, — hat man in Baden für Oſtern 1932 die
2814 4385 3889 4429 Sütterlinſchrift als „verbindlich“ erklärt. Dadurch wird
2814 4429 3888 4473 Baden, trotz des ſoziald. Unterrichtsminiſters, nicht an die
2812 4473 3888 4518 Spitze der deutſchen Unterrichtsverwaltungen rücken, aber
2812 4517 3891 4563 Fortſchritt iſt immerhin Fortſchritt. Und der iſt anzuer⸗
2808 4563 3882 4608 kennen, da von oben verfügt wurde, daß künftig ſenk⸗
2813 4607 3899 4653 recht zu ſchreiben iſt, wobei eine leichte Rechts⸗
2807 4652 3897 4698 neigung erwünſchter ſei, als Linksneigung,
2807 4696 3605 4740 die unbedingt zu vermeiden ſei.
2900 4750 3877 4797 Vorauszuſehen iſt, daß man im Unterrichts⸗Mini⸗
2810 4793 3900 4841 ſterium den Geiſt der Zeit erkannt hat. Wie geſagt:
2813 4838 3880 4883 „Mancher hat ſchon klein angefangen . . . .“ Nicht wahr
2811 4882 3850 4926 Herr Miniſter? — i —
2810 4984 3874 5021 Verantwortlich für den Geſamtinhalt: Karl Lenz, M. d. R.;
2847 5028 3837 5066 für Inſerate: Gerhard Fiehler, beide in Mannheim.
2881 5072 3800 5110 Buchdruckerei: Schmalz & Laſchinger, Mannheim.
