4074 5478
337 274 483 319 Seite 6
1700 262 2344 314 Das Hakenkreuz⸗Banner
3495 255 3713 309 Nr. 2/1931
669 378 1078 424 (Schluß von Seite 1.)
334 431 1412 479 Nichts als die Verheißung eines Deutſchland der ſtaats⸗
330 474 1408 525 bürgerlichen Gleichberechtigung . . . . Noch iſt es nicht
331 520 1410 568 möglich geweſen, den neuen Staat der Deutſchen zu un⸗
333 562 1411 612 erſchütterlicher Einheit zu formen. . . . Wieder ſind
335 608 1411 656 Deutſche bereit, Landknechtsdienſte für fremde Staaten
334 651 1416 702 gegen das eigene Volk zu leiſten. . . . (Für die Inter⸗
332 696 1409 745 nationale, für Frankreich, d. R.) Wie es in der Mehr⸗
332 742 1406 789 zahl unſerer Gaue den Schutzformationen allein durch
331 786 1412 834 entſchloſſene Anwendung gegebener geſetzlicher Möglich⸗
333 832 1415 879 keiten gelungen iſt, in wenigen Wochen die Willkür der
332 877 1410 924 größenwahnſinnig gewordenen Terrorhaufen des ſtaaten⸗
325 921 1409 968 loſen Abenteuerers Hitler zu brechen, muß es auch uſw.
422 974 1411 1020 Herr Hörſing erlaubt ſich in ſeinem Aufruf uns
332 1019 1412 1065 Nationalſozialiſten des Hochverrates zu verdächtigen, an⸗
331 1062 1412 1110 dererſeits ſich und ſein Reichsbanner mit Legalität zu
332 1108 1413 1153 überpinſeln. Am Schluß heißt es: müſſen überall die
333 1151 1411 1198 Schutzformationen „marſchfertig“ dem Bundesführer ge⸗
331 1196 1414 1241 meldet werden. Und eingedenk dieſer aus Hyſterie und
328 1240 1409 1287 Alkohol geborenen Bürgerkriegs⸗Pſychoſe hat Genoſſe
330 1284 1404 1331 Roth aus Mannheim dieſer Tage im „l'ami du peuple“
331 1329 1411 1376 für ℛℳ 8. — zur Fahrt nach Frankreich und zum Re⸗
330 1374 1410 1420 marque⸗Film aufgerufen — Huch, — vom Mädchen reißt
331 1419 1413 1466 ſich ſtolz der Knabe. Der kleine Ernſt, der noch vor
331 1463 1408 1509 Jahresfriſt im weißen Tennisdreß auf dem Lindenhof⸗
328 1508 1403 1554 tennisplatz die Bälle jonglierte, muß nun Tennisſchläger,
327 1553 1404 1598 Palmenwedel und Lilienſtengel vertauſchen mit Dolch,
331 1597 1407 1643 Totſchläger, Rattengift und Strichnin. Fürchterlich! Wenn
329 1642 1406 1687 man ſich die beiden vorſtellt, Hörſing und Roth, dann iſt
328 1685 1411 1732 es geradezu furchterbar! Wie wird es uns armen Mann⸗
330 1727 1412 1776 heimer Nationalſozialiſten ergehen? Wenn die Bäbis
329 1775 1410 1821 jetzt erſt in Straßburg geweſen ſind und zum erſten
327 1820 1408 1864 Male in ihrem Leben die Verwendungsmöglichkeit von
327 1864 1401 1910 Karabinern und Handgranaten kennen lernen. Heinrich
325 1909 1360 1955 mir graut vor dir! hewo.
474 2004 1271 2075 Die Volksſtimme markiert
533 2085 1216 2167 „kochende Volksſeele“!
417 2183 1411 2230 Die „auserwählte Volksſtimme“ beſchäftigt ſich ſeit
329 2230 1403 2276 Wochen mangels anderer Intuitionen mit den Nazis:
328 2274 1409 2320 keift wie eine alte Vettel, ſpuckt, ſchimpft, ſchmeißt Dreck
329 2319 1405 2365 und iſt ganz und gar außer Rand gekommen. Kein
326 2363 1407 2409 Wunder, daß nach unſeren Siegen die Juden und Kapi⸗
327 2407 1406 2453 taliſtenknechte roten Couleurs nervös werden. Alle Re⸗
329 2453 1408 2498 giſter, welche die Journaille ziehen kann, ſpielen forte.
327 2497 1407 2544 Dumm, frech, verlogen und gemein; das iſt das ſoziali⸗
327 2542 1408 2587 ſtiſche“ Niveau dieſer Kadetten, die, hätten ſie noch einen
326 2586 1404 2631 Funken von Selbſtachtung, der Arbeiterklaſſe ſchon längſt
326 2631 1405 2677 ihre gänzliche Unfähigkeit und ihren großen Verrat am
327 2676 1015 2721 Werktätigen hätten zugeben müſſen.
416 2726 1409 2773 Max Maier aus Deutſchland (ob ſeine Wiege ein
331 2773 1409 2819 galiziſcher Karnickelſtall war, entzieht ſich der Kenntnis
327 2817 1406 2863 des Chroniſten) ſchreibt im Mannheimer l'ami du peuple
327 2862 1405 2906 einen Artikel über unſere Stadtratsfraktion. Es wird
329 2906 1409 2950 einem Nationalſozialiſten wohl ums Herz, wenn er leſen
327 2950 1402 2995 kann, wie die Roten ſchimpfen und mit Dreck werfen.
328 2996 1399 3040 Solange unſere Gegner, alles was wir tun, beſudeln,
320 3038 1405 3084 geht es in Ordnung. Würden wir gelobt werden, dann
324 3083 1406 3129 hieße es bei allen anſtändigen Menſchen: „Die Nazis
323 3129 1407 3174 werden von der Volksſtimme gelobt, na ja, ſage mir, mit
328 3174 1407 3219 wem du umgehſt, und ich ſage dir, wer du biſt.“ — Das
324 3219 1405 3264 wäre die größte und einzige Beleidigung, die man einem
322 3263 954 3308 deutſchen Arbeiter zufügen kann.
412 3316 1405 3361 Daß keiner unſerer Stadträte vorher ein parlamen⸗
325 3361 1406 3405 tariſches Amt bekleidete, findet der Schreiber der Sozen
324 3405 1406 3450 kritikwürdig; als ob es nötig wäre, daß man dank ſeiner
328 3450 1405 3494 parlamentariſchen Würde von jüdiſchen Schiebern Zahn⸗
321 3495 1404 3539 ſtocher und Deviſen, von den Steuergroſchen eines ausge⸗
324 3539 1401 3583 powerten Volkes ſeine Villen, und von den Jehovagrena⸗
324 3582 1404 3628 dieren Glück und Segen bekommen müßte, um als Stadt⸗
325 3628 925 3673 rat auf das Rathaus zu gehen.
409 3681 1403 3726 Embryos ſeien unſere Stadträte! Gott ſei Dank.
323 3727 1402 3772 Unſere Stadträte ſind jung, unbeſcholten, ſauber, ſie ſind
1482 371 2565 418 Idealiſten und bereit, ihr ganzes Sein der Sache zu
1483 416 2564 463 opfern. — Es gibt bekanntlich Mummelgreiſe, die ewig
1486 460 2562 507 beſtrebt ſind, die Sache ſich zu geben, Nutznießer, die ewig
1484 505 2562 551 volution, abgebrüht und ausgekocht, ſchmutzig an der
1483 550 2569 595 Seele, obwohl ſie rotſeidene Ballonmützen tragen — ſollen
1482 594 2567 640 nationalſoz. Stadträte auch ſo ſein? — Wir überlaſſen
1481 638 2562 685 das gerne jenen, die ihre Korruptionsbefähigung an den
1484 682 2517 732 größten Schiebern des Jahrhunderts bewieſen haben.
1569 727 2561 774 Wir bleiben jung und elaſtiſch, aber eiſern am Cha⸗
1484 772 2566 818 rakter. Herrſchaften, das tut euch ſo weh, daß wir
1480 815 2569 863 keine Bonzenpoſten wollen, ſondern nur Sauberkeit —
1481 860 2555 907 auch in Mannheim und bei den Beamten. Habt Ihr
1482 908 2164 952 Dreck am Stecken? wie Genoſſen?
1573 947 2561 997 Ihr tut ſo moraliſch, als ob ihr allein den Takt mit
1482 997 1937 1042 Löffeln gefreſſen hättet.
1570 1048 2565 1093 Wenn eure Stadträte eine ſaubere Weſte haben, dann
1483 1092 2560 1140 müſſen ſie es ja begrüßen, wenn — ſelbſt auf die Gefahr
1485 1135 2564 1184 hin, daß die entſprechenden Anträge von Nazis geſtellt
1485 1184 2226 1228 werden! — reiner Tiſch gemacht wird.
1570 1235 2557 1282 Ihr ſeid im Anzug und im moraliſieren ſo bürgerlich
1481 1280 2560 1328 geworden, daß ich gar arg verwundert war, als ihr die
1484 1325 2559 1373 Partei des Zentrums ergriffen habt, obwohl ihr wußtet,
1479 1370 2562 1417 daß dieſe es waren, die in dem hohen Lokal mit Verbal⸗
1477 1415 2561 1461 injurien wie Dreckſpatz und Kaffer anfingen. Wir waren
1479 1458 2560 1506 damals anſtändig, aber in Zukunft laſſen wir uns ſolche
1481 1505 2560 1551 Flegeleien nicht mehr bieten. — Wir werden antworten:
1479 1550 2025 1598 klar, deutlich und „fühlbar.“
1571 1600 2563 1648 Da wäre es wenig zuträglich, wenn ihr euch bis da⸗
1486 1646 2505 1697 hin nicht gebeſſert hättet!! hewo.
1552 1741 2482 1799 Die Mannheimer SPD. fährt nach Frankreich.
1569 1816 2554 1863 Im Mannheimer Organ der SPD. (l'ami du peuple)
1479 1864 2063 1909 ſteht ſchon tagelang folgendes:
1707 1917 2097 1962 „Neues im Weſten!“
1696 1968 2557 2015 Sonderfahrt zum Remarque⸗Film nach Straß⸗
1697 2012 2560 2061 burg am Sonntag, den 11. Januar. Fahrt⸗
1701 2058 2555 2105 koſten hin und zurück, Filmbeſuch und Grenz⸗
1699 2102 2558 2146 übertritt etwa ℛℳ 8. —. Fahrtteilnehmer mel⸗
1698 2147 2561 2193 den ſich baldigſt im Sekretariat der Sozial⸗
1700 2192 2334 2237 demokratiſchen Partei, R 3, 14.“
1569 2253 2554 2299 Es werden ſich ſicher genug Bonzen finden, welche
1482 2295 2557 2345 die Kleinigkeit von 8 „Emmchen“ aufbringen, im Son⸗
1477 2342 2560 2389 derzug nach Frankreich zu fahren. Vielleicht ſehen wir
1476 2386 2560 2434 auf dem Sonderzug vorn die Rote Flagge und hinten
1477 2432 2557 2480 die Flagge der Republik. Nach Schluß der Vorſtellung
1479 2476 2559 2522 raten wir möglichſt drüben zu bleiben. Deren Heimat in
1479 2520 2560 2567 Galizien iſt, können mit dem „Expreß⸗Zug“ nach ihrer
1483 2564 2553 2612 Heimat gelangen, und die Mannheimer ſind froh, Euch
1479 2609 2554 2656 los zu haben. 8 Mark iſt der „klaſſenbewußten“ Arbeiter⸗
1481 2655 2558 2701 partei nicht zu viel, um ſich den Film zeigen zu laſſen, der
1475 2699 2560 2744 den deutſchen Frontſoldaten in gemeinſter Weiſe be⸗
1480 2743 2560 2790 ſchimpft. Nach Frankreich fahren und ſich im Kino „amü⸗
1479 2787 2559 2834 ſieren“ erſcheint den Bonzen wichtiger, als für ihre ver⸗
1476 2831 2554 2878 hungernden Proleten zu ſorgen, die nicht wiſſen, woher
1481 2876 2555 2922 ſie das Geld für das tägliche Brot nehmen ſollen. Mann⸗
1480 2920 2552 2967 heimer Arbeiter, wenn du Hunger haſt, fahre nach Frank⸗
1481 2967 2295 3011 reich und ſieh' dir den Remarque-Film an!
1566 3018 2553 3063 Wie wir hören, wird zur Zeit in R 3, 14 das „Vive
1477 3062 2559 3109 la France“-Rufen trainiert und wünſchen wir „Frei
1484 3106 2510 3155 Heul“ auf Franzöſiſch! — aa —
1800 3199 2228 3256 Memento mori!
1565 3277 2549 3323 Der „Oberrheiniſche Beobachter“ in Frei⸗
1476 3321 2550 3370 burg i. Br., der der Demokratiſchen Partei naheſtand,
1478 3365 2555 3413 hat mit dem Jahreswechſel aus wirtſchaftlichen Gründen
1480 3410 2554 3459 ſein Erſcheinen eingeſtellt. — Der Oberrheiniſche Be⸗
1479 3455 2555 3503 obachter ſcheint bei ſeinen goldenen Freunden in Un⸗
1481 3500 2555 3548 gnade gefallen zu ſein. Wie ſollen die bedauernswerten
1477 3543 2552 3592 Freiburger in Zukunft den Geiſt der Völkerverſöhnung
1477 3588 2549 3635 atmen? Hm, hm, hm — und was haben die Dieteriche
1474 3632 2557 3680 von der Staatspartei nicht alles verſprochen. — Die
1481 3678 2541 3725 Nazis ſind halt doch eine Peſt! Sie freſſen alles kaputt,
1479 3721 2502 3773 grad ſo wie die Schwefelſäure. hewo.
2814 372 3531 436 Vom Weinheimer Rathaus.
2724 450 3708 496 Es erſcheint heute, wo die Wogen des Gemeinde⸗
2635 492 3704 540 wahlkampfes ſich geglättet haben, an der Zeit, die Ver⸗
2631 539 3706 585 änderungen, die ſich in den Parteien durch die Wahl er⸗
2635 581 3706 630 geben haben, einer kritiſchen Betrachtung zu unterziehen
2722 628 3709 673 Beginnen wir zunächſt bei den Linksparteien. In
2635 670 3706 722 einem fanatiſchen Wahlkampf, in dem alle Regiſter per⸗
2637 718 3707 763 ſönlicher Gehäſſigkeit gezogen worden waren, hatten ſich
2633 762 3708 808 SPD. und KPD. bitterſte Wahrheiten ins Geſicht ge⸗
2639 804 3700 852 ſchleudert. Die (geiſtigen?) Schwergewichter dieſer beiden
2640 851 3705 900 Parteien, Frank und Seib gingen mit erfriſchendem Hel⸗
2634 896 3699 942 denmut, der einer beſſeren Sache würdig geweſen wäre
2626 941 3705 987 aufeinander los. Herr Seib wurde bei dieſem Kampf
2629 984 3704 1030 in die Defenſive gedrängt, und der Ausgang der Wahl
2634 1028 3701 1074 zeigte ihn als Verlierer. Es mag für Herrn Seib ſehr
2632 1072 3703 1118 ſchwer ſein, ſein ſicher hoch idealiſtiſches Kommuniſten⸗
2630 1118 3706 1163 ideal mit dem doch immerhin gut bürgerlichen Beruf eines
2634 1162 3696 1208 Gaſtwirtes in Einklang zu bringen. Daß dieſer Herr ſich
2633 1204 3696 1255 als großer Politiker fühlt, mag ihm verziehen ſein, daß
2632 1250 3694 1296 er aber in kleineren Fragen ſehr wenig politiſches Ge⸗
2632 1296 3695 1341 fühl zeigte, war der SPD. ein willkommener Vorwand
2631 1341 3110 1385 zu peinlichſten Angriffen.
2716 1384 3697 1429 Wir wollen nicht davon reden, daß man dem Edel⸗
2630 1429 3696 1474 kommuniſten Seib, das Bürgerbräu, das er brav ver⸗
2631 1475 3691 1520 zapft, zum Vorwurf machte. Dieſer Angriff erſchien uns
2631 1520 3691 1565 geſchmacklos, wenn wir auch dem guten Seib ſo viel Hirn
2632 1563 3696 1609 zugetraut hätten, daß er als klaſſenbewußter Prolet
2628 1607 3694 1653 nicht ſeinen Gäſten auf einer Werbetafel am Bahnhof
2630 1653 3688 1697 ausgerechnet gut bürgerl. Mittagstiſch empfehlen würde
2717 1696 3694 1742 Daß aber Herr Seib armen Erwerbsloſen die letzt⸗
2636 1739 3690 1787 jährige Winterbeihilfe für Bierſchulden, die ſie bei ihm
2636 1786 3694 1831 gemacht hatten, beſchlagnahmen ließ, zeigte, daß dieſer
2636 1830 3688 1875 Herr wohl ein ganz guter Geſchäftsmann iſt, aber ein
2630 1876 3694 1920 ſchlechter Klaſſengenoſſe. Auch bei einer anderen Ge⸗
2629 1918 3699 1965 legenheit, die ebenfalls von der SPD. vor der Wahl
2625 1963 3691 2008 aufgegriffen wurde, zeigte es ſich, daß Herr Seib ſeine
2629 2009 3690 2056 geſchäftlichen Intereſſen höher bewertet wie ſeine grund⸗
2624 2055 3691 2099 ſätzlichen kommuniſtiſchen Erwägungen, die er ſo gerne
2624 2098 3690 2143 im Munde führt. Die Kommuniſten ſind immer für weit⸗
2629 2139 3694 2189 gehendſte Genehmigung neuer Wirtſchaftskonzeſſionen
2626 2188 3693 2234 eingetreten. Als jedoch in der Nähe des Seibchen „Wein⸗
2626 2232 3688 2276 bergs“ ein neues Lokal eröffnet werden ſollte, kämpfte
2628 2276 3693 2321 der Kommuniſt Seib mit Macht gegen den neuen Kon⸗
2629 2320 3694 2364 kurrenten. Von dem Geſchäftsmann Seib könnten wir
2629 2365 3693 2409 das verſtehen; über dieſes unproletariſche Verhaften des
2629 2409 3694 2453 Edelkommuniſten Seib müſſen wir uns jedoch ſehr wun⸗
2628 2451 3686 2497 dern. Erſtaunt waren wir, daß nach all dieſen Ent⸗
2628 2497 3693 2542 hüllungen in den Flugblättern der SPD., auf die nichts
2629 2543 3690 2586 Stichhaltiges erwidert wurde, Herr Seib von den Kom⸗
2630 2585 3693 2631 muniſten erneut für würdig befunden wurde, Stadtrat
2626 2632 3693 2676 in Weinheim zu werden. Man kann da nur das dicke
2625 2676 3695 2721 Fell dieſer Leute bewundern. Während alſo der etwas
2626 2720 3693 2764 merkwürdige Kommuniſt Seib erneut in den Stadtrat
2627 2764 3691 2809 einziehen konnte, wurde der frühere Stadtrat Machwirth
2629 2805 3690 2855 von ſeinen Genoſſen abgebaut, wie man hört wegen zu
2628 2855 2996 2899 großer Sachlichkeit.
2712 2899 3690 2943 Die Weinheimer KPD. befindet ſich noch immer im
2628 2941 3696 2988 Zuſtand abſoluter Stagnation. Auch bei den Erwerbs⸗
2627 2986 3694 3033 loſen, denen man natürlich goldene Berge verſpricht (in
2626 3031 3693 3078 Rußland gibt es nicht einmal Stempelgeld), fällt nur ein
2628 3078 3694 3122 geringer Prozentſatz auf den Phraſenſchwall der ſoge⸗
2627 3120 3695 3167 nannten RGD. (Revolutionären Gewerkſchafts⸗Oppoſi⸗
2624 3167 3695 3212 tion) herein. Wir werden in nächſter Zeit noch öfter
2628 3213 3700 3256 Gelegenheit haben, uns mit dieſen Volksbeglücker zu
2625 3255 2779 3304 befaſſen.
2840 3347 3485 3401 Neues von Dr. h. c. Adam Remmele.
2666 3412 3652 3453 Der Herr Doktor war in den letzten Tagen recht fleißig:
2661 3453 3103 3493 er hat für Oſtern 1932
2660 3489 3555 3532 die Sütterlin⸗Schrift — wie der Bericht vorlieg —
2665 3527 3637 3573 für die Schulen „verbindlich erklärt“ und dazu verfügt,
2675 3570 3327 3614 „daß ſenkrecht zu ſchreiben iſt, wobei
2665 3608 3490 3653 eine leichte Rechtsneigung wünſchenswert ſei
2666 3643 3657 3691 und eine Linksneigung unbedingt vermieden wird.“ —
2666 3685 3660 3734 Aber Adam! Haſte Dich nicht in der Richtung geirrt?
3535 3728 3644 3763 Lynfend.
458 3932 1266 3998 Bäuerlicher Frondienſt im
476 4004 1253 4070 bolſchewiſtiſchen Paradies.
412 4117 1402 4162 Das Problem Rußlands iſt eines der gewaltigſten
325 4161 1402 4208 Probleme unſerer Zeit. Wird der Verſuch, ein Rieſenreich
324 4206 1405 4251 bolſchewiſtiſch zu regieren, gelingen? Wird der Bol⸗
324 4251 1403 4296 ſchewismus, der 5⸗Jahresplan am Bauerntum zer⸗
321 4295 1401 4340 brechen? Man ſollte eigentlich von dem 5⸗-Jahresplan
323 4339 1402 4384 nicht viel reden; denn Pläne zu machen, waren bisher
320 4384 1401 4430 Eigentümlichkeiten des ruſſiſchen Volkes. Jeder der nach
322 4428 1403 4474 Rußland reiſt, wird überſchüttet mit einer Fülle von
328 4473 1400 4519 Plänen, die Rußland in den letzten Jahrzehnten gemacht
324 4517 1403 4563 hat. Aber es ſind immer nur Pläne, niemals Bauſteine
325 4564 803 4608 oder gar fertige Bauten.
405 4624 1399 4669 Die Herrſchaft des Kommunismus in Rußland iſt
325 4668 1396 4714 durch 3 Quellen bedingt: durch die kommuniſtiſche Partei,
322 4714 1399 4759 das Heer und die Bauern. Die kommuniſtiſche Partei iſt
324 4759 1399 4805 bedeutungsvoll durch ihre Organiſation, das Heer durch
325 4803 1399 4849 ſeine Bewaffnung, und der Bauer durch die Maſſe. Dieſe
320 4848 1403 4892 3 Faktoren werden auch das künftige Rußland beſtim⸗
322 4892 1405 4938 men. Solange die Entwicklung die Grundlagen des
324 4937 1401 4982 Bauernſtandes nicht berührt, mag es angehen; denn die
323 4982 1402 5027 Bauern — 120 Mill. — tragen alle Laſten und ſchleppen
321 5027 1395 5071 die Induſtriebevölkerung durch. Der Bauer aber muß
324 5070 1400 5116 für die unfähige Staatsinduſtrie pflügen, und hat dafür
322 5115 1402 5161 nur eine Stimme gegenüber dem 5⸗fachen Stimmrecht
322 5159 1401 5205 des Proletariats der Städte, er muß ernähren, bis er
323 5204 1401 5250 ſchließlich in Elend und Verzweiflung verſinkt. Sein
1475 3899 2554 3945 letztes Mittel, der Streik, drückt kataſtrophal die Ernte⸗
1479 3942 2546 3992 ziffern, und drohend überſchattet das Geſpenſt „Hunger“
1477 3987 2546 4034 das nach Brot brüllende Proletariat. Grundlegend iſt
1477 4031 2553 4079 der Verſuch, den freien Bauern auszurotten, ihn in einen
1478 4075 2553 4124 ſtaatlichen Landarbeiter zu verwandeln. Rußland hat
1475 4120 2553 4169 drei Agrarformen: die bäuerliche Zwergwirtſchaft, (wer
1474 4164 2550 4213 mehr als 2 Kühe hat, gilt ſchon als wohlvermögend)
1473 4209 2554 4258 die genoſſenſchaftlichen Güter mit Staatsaufſicht und die
1476 4253 2550 4302 Staatsgüter. Letztere gelten als Sowjetideal, in ihm iſt
1478 4298 2553 4345 die Arbeit des Einzelnen ausgeſchaltet, die Maſchine
1476 4343 2552 4390 macht alles, ſie iſt kein Kleinbauer mit unbequemen Ge⸗
1478 4389 2552 4435 danken. Rußlands Anbaufläche wird in Staatsgütern um
1477 4432 2553 4478 Millionen von Hektar erweitert werden, „über die ein
1476 4476 2552 4523 Orkan von Eiſen brauſt, um der Erde ihre Früchte zu
1480 4521 2553 4568 entreißen“. Dies Stahlweſen will verſtanden, bedient und
1477 4565 2552 4614 gepflegt ſein, ſonſt frißt es Koſten, Menſchen, Land. Die
1478 4609 2552 4658 Hälfte der Traktoren werden jährlich in Fetzen gefahren,
1479 4655 2547 4702 von 100 Staatsgütern arbeitet 1 mit Gewinn, 99 freſ⸗
1479 4699 2552 4747 ſen Zuſchüſſe, ganz zu ſchweigen von den Genoſſenſchafts⸗
1477 4745 2555 4793 gütern. Noch mehr, die Hälfte des Viehbeſtandes iſt ver⸗
1473 4789 2551 4836 nichtet durch Notſchlachtungen, Rußlands Fleiſchverſor⸗
1477 4834 2551 4882 gung bricht zuſammen. Millionen von Bauern werden
1474 4878 2551 4925 in allernächſter Zeit durch dieſe Staatsgüter „frei“ wer⸗
1472 4923 2546 4968 den und tauchen in das Proletariat der Städte unter,
1475 4966 2546 5015 als billiges Kanonenfutter für die Staatsinduſtrie. „Friß
1475 5011 2548 5058 Bauer oder ſtirb“ d. h., werde Proletarier und dir
1475 5056 2548 5101 winken 5 Stimmen und ein Anteilſchein an der Welt⸗
1474 5106 1682 5147 revolution.
1562 5153 2550 5201 So löſen ſich die Bauern von ihrer Scholle, Kata⸗
1474 5198 2551 5246 ſtrophen vorauswitternd wandern ſie als Landloſe, als
2630 3890 3693 3937 Bettler, als Landſtreicher in die Städte. Deutſche Bauern
2630 3933 3697 3985 ſitzen ſeit 150 Jahren in Südrußland und Sibirien. Ihre
2627 3978 3688 4029 ganze Habe in einem Bündel, ſchlagen ſie ſich durch,
2628 4022 3687 4072 pochen an die Heimat; andere fliehen mit Weib und Kind,
2625 4066 3693 4118 verfolgt von Wölfen, Räubern und Grenzwächtern über
2624 4105 3689 4162 die Berge nach China. Nordamerikg iſt ihr Ziel, der
2631 4155 3412 4207 große Verbrennungsherd alles Deutſchen.
2713 4200 3691 4250 Was ſich heute in Rußland abſpielt, iſt ein unge⸗
2626 4240 3691 4295 heurer leidenſchaftlicher Kampf der Menſchen mit dem
2624 4288 3693 4339 Schickſal. An dieſem Kampfe ſind die Unterdrücker und
2622 4333 3689 4382 die Unterdrückten beteiligt, doch immer und immer wieder
2624 4377 3689 4429 muß betont werden, daß der Bauer das Hauptproblem
2625 4419 3682 4473 der ruſſiſchen Zukunft iſt, denn der Bauernſtand iſt die
2628 4467 3297 4518 Grundlage jedes geſunden Staates.
2711 4509 3688 4562 So ferne uns auch heute die Sorge um die ruſſiſchen
2630 4556 3686 4606 Verhältniſſe liegt, müſſen wir doch gerade deshalb unſer
2626 4600 3686 4652 Augenmerk dorthin richten, weil man auch bei uns daran
2624 4644 3684 4697 iſt, dem Bauernſtand, der ſich als letzter Stand immer
2624 4687 3694 4740 noch zäh und aufrecht gehalten hat, den Todesſtoß zu
2622 4743 2791 4785 verſetzen.
2712 4787 3684 4834 Gerade wir Nationalſozialiſten ſind verpflichtet, aus
2622 4830 3681 4881 den Ereigniſſen, die ſich rings herum in Europa abſpie⸗
2623 4874 3682 4925 len, unſere Erkenntniſſe zu ziehen, damit die Probleme,
2625 4920 3685 4970 deren Löſung eines Tages von uns gefordert wird zu⸗
2630 4964 3682 5017 gunſten des Volkes, des Staates, alſo der Nation ſchlecht⸗
2631 5011 3252 5061 hin, durchgeführt werden können.
2713 5053 3674 5102 In dieſem Sinne ſind für uns Nationalſozialiſten
2625 5098 3684 5147 die beiden Extreme — faſchiſtiſches Italien und bolſchewi⸗
2630 5140 3687 5194 ſtiſches Rußland die Schulbeiſpiele, aus denen wir die
2627 5186 3643 5238 meiſten Erfahrungen zu ſammeln haben. Tr.
