4083 5503
432 195 646 242 Nr. 3/1931
1800 199 2457 244 Das Hakenkreuz⸗Banner
3664 208 3816 254 Seite 3
479 693 1485 881 Paroleausgabe
723 948 1209 1003 Bezirk Groß⸗Mannheim.
430 1020 1457 1069 Geſchäftsſtelle Mannheim, P 5, 13 a. Telefon 317 15.
502 1067 1250 1106 Geſchäftsſtunden von 8—12 und 14—19 Uhr.
502 1103 1500 1141 Geld⸗ undEinſchreibeſendungen: NSDAP. Mannheim, Hans
542 1140 803 1175 Feit, P 5, 13 a.
499 1175 1503 1212 Poſtſcheck⸗Konto: Ernſt Nöltner, Mannheim, Konto Lud⸗
540 1212 826 1248 wigshafen 18 375.
424 1252 1446 1300 Bezirks⸗ und Ortsgruppenleiter: Karl Lenz, M. d. R.
496 1299 1499 1345 Mannheim, Tel. 317 15, oder Heidelberg, Tel. 3727.
503 1344 1233 1381 Sprechſtunden nach vorheriger Vereinbarung.
427 1389 1458 1428 Stellvertr. Bezirksleiter: Dr. Otto Orth. Di. u. Fr. 14—19 Uhr.
425 1433 1325 1470 Stellvertr. Ortsgruppenleiter: Hans Feit. 16—18 Uhr.
429 1478 1493 1515 Kaſſenverwaltung: Loewe. Täglich von 10—12 und 16—18 Uhr.
491 1514 1499 1551 Abrechnung für Beiträge der Sektionskaſſiere v. 15.—18. jd. Mts.
422 1558 1454 1595 Organiſation und Propaganda: Trautwein. 10—12 u. 16—18.
427 1603 1435 1640 Betriebszellen⸗Abteilung: Täglich von 10—12 u. 16—18 Uhr.
425 1647 1171 1684 Arbeitsvermittlung: Täglich von 16—18 Uhr.
425 1690 1432 1728 Kommunalpolit. Abteilung: Dr. Otto Orth. Di. u. Fr. 16—18.
421 1734 1102 1772 Rechtsberatung: Donnerstag ab 16 ½ Uhr.
423 1779 1340 1816 Opferring „Deutſche Freiheit“: Dipl.⸗Ing. A. Fehrmann.
495 1814 1465 1854 Donnerstag 18—19 Uhr. Poſiſchechk. Ludwigshafen 5987.
422 1856 1356 1897 Landtagsfraktion: Prof. H. Kraft. Mi. von 17—19 Uhr.
419 1903 1465 1940 Verlagsleitung: „Das Hakenkreuzbanner“. 10—12 und 16—18.
492 1935 1491 1977 Poſtſcheck⸗Konto: Karl Lenz, M. d. R., Ludwigshafen 6775.
420 1984 1278 2021 Schriftleitung: Täglich von 8—10 und 16—19 Uhr.
421 2028 1366 2066 Preſſeamt: Haas. Täglich von 12—13 und 14—19 Uhr.
420 2072 1333 2111 Buchhandlung: Ernſt Nöltner. 9—12 und 14—19 Uhr.
417 2116 1304 2156 S, A.⸗Standarte: Feit. Donnerstags von 16—18 Uhr.
414 2160 1144 2204 S. A. Stuf: Feit. Täglich von 16—18 Uhr.
414 2211 1488 2249 S. A.⸗Kaſſe: Schmidt. Täglich v. 17—19 Uhr, außer Mi. u. Do.
419 2255 1279 2292 Hitler⸗ZJugend: Kaiſer. Samstags von 16—18 Uhr.
414 2296 1447 2337 N. S. D. St. B.: Sprechſtunden nach vorheriger Vereinbarung.
418 2344 1362 2380 Schülerbund: Mittwochs und Samstags von 16—18 Uhr.
413 2387 1424 2424 N. S. D. A. K. (Automobilklub): Mittwochs von 16—18 Uhr.
414 2431 1424 2469 Deutſcher Frauenorden: Frau A. Roth. Sa. von 16—17 Uhr.
418 2476 1481 2514 Nationalſozialiſtiſche Leſehalle, U 6, 24. 9—12 und 14—18 Uhr.
480 2591 1489 2629 Beſuche zu anderer Zeit werden grundſätzlich nur in dringend⸗
407 2635 1480 2674 ſten Fällen und nur nach vorheriger telefoniſcher Abmachung
414 2672 592 2709 empfangen.
1039 2726 1440 2772 Karl Lenz, M. d. R.
719 2841 1159 2882 Ortsgruppe Weinheim.
405 2915 1480 2966 Nächſter Sprechabend: Freitag, den 23. Januar.
490 2965 890 3009 Lokal zur Eintracht.
517 3057 1301 3114 An unſere Parteigenoſſen und Freunde!
491 3135 1470 3180 Pg. Stadtrat Oswald teilt mit, daß er unter der Woche
409 3180 1483 3225 durch ſeinen Beruf nicht zu ſprechen iſt. Er iſt jeweils
407 3224 1478 3270 Samstags Nachmittags in ſeiner Wohnung zu erreichen.
403 3269 1478 3314 Wir bitten unſere Pg. und Freunde, die an Pg. Oswald
403 3314 1348 3358 ein Anliegen haben, ſich an dieſe Zeit zu halten.
1754 301 2494 354 Verſammlungskalender für den Bezirk:
1586 376 2651 425 Samstag, den 17. Januar, Verſammlung in Schriesheim.
1673 420 2349 469 Redner: Pg. Schirmer, Heidelberg.
1586 473 2655 522 Sonntag, d. 18. Januar, Verſammlung in Friedrichsfeld.
1674 518 2348 566 Redner: Pg. Schirmer, Heidelberg.
1586 571 2653 620 Sonntag, d. 18. Januar, Deutſcher Abend in Neulußheim.
1581 623 2652 672 Sonntag, den 18. Jannar, Führertagung in Mannheim.
1586 674 2587 727 Dienstag, den 27. Januar, Verſammlung in Edingen.
1668 722 2305 770 Redner: Pg. Senft, Oſterburken.
1586 775 2648 824 Mittwoch, den 28. Januar, Verſammlung in Plankſtadt.
1668 820 2314 867 Redner: Pg. Senft, Oſterburken.
1585 873 2648 921 Donnerstag, d. 29. Jan., Verſammlung in Neulußheim.
1667 918 2304 965 Redner: Pg. Senft, Oſterburken.
1574 971 2647 1020 Freitag, den 30. Januar, Verſammlung in Reilingen.
1672 1016 2304 1062 Redner: Pg. Senft, Oſterburken.
1582 1068 2645 1116 Samstag, den 31. Januar, Verſammlung in Hockenheim.
1672 1113 2308 1160 Redner: Pg. Senft, Oſterburken.
1578 1164 2645 1213 Sonntag, den 1. Februar, Verſammlung in Seckenheim.
1664 1210 2311 1256 Redner: Pg. Senft, Oſterburken.
1574 1391 2250 1453 An alle Ortsgruppenführer
2082 1465 2649 1529 im Bezirk Mannheim!
1576 1550 2647 1596 1. Jede Veranſtaltung, die im Bezirk Mannheim ſtatt⸗
1624 1595 2649 1641 findet, iſt der Bezirkspropagandaleitung (Bezirkspro⸗
1630 1639 1928 1683 pag) zu melden.
1575 1692 2639 1741 2. Jede von der Bezirkspropag angeſetzte Verſammlung
1623 1737 2641 1782 iſt unbedingt durchzuführen, auch wenn von einer
1623 1781 2640 1828 Ortsgruppe eine andere Veranſtaltung angeſetzt wurde.
1618 1826 2641 1871 Für Mißlingen jeder Art werden die betr. Orts⸗
1627 1872 2440 1918 gruppen finanziell verantwortlich gemacht.
1655 1916 2635 1962 Um eine reibungsloſe und erfolgreiche Verſamm⸗
1566 1960 2644 2008 lungstätigkeit durchzuführen, müſſen dieſe Anordnungen
1567 2006 2597 2052 unbedingt durchgeführt werden. Lenz.
1652 2107 2631 2159 Am Sonntag, den 18. Januar, morgens 10 Uhr,
1564 2157 2634 2204 rechnen ſämtliche Zellenobleute die Karten von der Groß⸗
1565 2202 2631 2249 deutſchen Kundgebung im großen Saale des Wartburg⸗
1569 2246 1815 2290 Hoſpizes ab.
1562 2392 1843 2460 NSDAP
2042 2396 2584 2465 HEIDELBERG
1664 2560 2639 2606 Montag, den 19. Januar 1931, abds. 8.30 Uhr, spricht im
1664 2613 2640 2656 großen Saal der Stadthalle der bekannte Verteidiger
1666 2663 2640 2705 Ad. Hitlers der Anwalt im Reichswehrprozeß in Leipzig,
1667 2724 2635 2785 Dr. Frank, München M.d.R.
1662 2815 2628 2866 Vorsitzender des Rechtsausschusses des Reichstages, ũber
1562 2888 2307 2992 Rote Justiz oder
1563 3005 2504 3124 Deutsches Recht
1658 3154 2634 3203 Eintritt RM —.50, für Erwerbslose, Kriegsbeschädigte und
1923 3201 2290 3238 Sozialrentner RM -.30.
1660 3250 2628 3293 HEIDELBERG Vorverkauf: Geschäftsstelle Marktplatz 3;
1924 3286 2627 3326 Hilpert, Bismarckarkaden; Arndt, Brücken-
1925 3326 2162 3364 straße Nr. 6 a.
2592 3332 2631 3368 58
3155 315 3393 377 Achtung!
2804 387 3750 449 Funktionäre des Bezirkes Mannheim!
2815 472 3816 518 Am Sonntag, den 18. Januar, morgens 8 ¾ Uhr, findet
2736 512 3803 559 im großen Saale des Wartburg⸗Hoſpizes in Mannheim,
2735 552 3809 597 F 4, 8/9, eine Führertagung ſtatt, an der folgende Funk⸗
2732 591 3069 632 tionäre teilnehmen:
2734 639 3808 687 Vom Land: Ortsgruppenführer, Kaſſier, Schriftführer, Preſſe⸗
2813 680 3808 725 obmann, Gemeinde⸗, Kreis⸗ und Bezirksabgeordnete und
2811 721 2913 756 Räte.
2732 760 3805 804 Von Mannheim: Ortsgruppenleitung, Stadtverordnete und
2811 799 3065 846 Sektionsleiter.
2808 856 3800 904 Obengenannte Funktionäre haben unbedingt an dieſer
2729 894 3807 943 Tagung teilzunehmen. Entſchuldigungen ſchriftlich und nur
2730 937 3797 984 dann gültig, wenn ein Vertreter für den Jehlenden erſcheint.
2728 976 3805 1022 Sollte es infolge ſchlechter Zugverbindung auswärtigen Pg.
2730 1017 3806 1062 unmöglich ſein, pünktlich zu erſcheinen, ſo haben die Betref⸗
2730 1057 3805 1102 fenden ſchon am Samstag in Männheim zu ſein. Für Quar⸗
2726 1096 3799 1142 tiere wird, wenn Meldung erfolgt iſt, von der Bezirksleitung
2734 1136 2860 1175 geſorgt.
2804 1180 3666 1230 Auf der Tagesordnung ſtehen folgende Punkte:
2726 1234 3796 1279 1. Politiſche Lage K. Lenz, Ortsgruppenführer.
2723 1274 3649 1318 2. Organiſation und Propag. Dr. Orth, Stadtrat.
2724 1314 3647 1358 3. Kommunalpolitik (Stadt) Dr. Orth, Stadtrat.
2898 1355 3742 1397 „ (Land) V. Treiber, Gemeinderat.
2726 1394 3676 1438 4. Zeitung H. Runkel, Stadtrat.
2772 1434 3470 1478 Mitarbeit Dr. Roth.
2772 1474 3795 1518 Inſeraten⸗Abteilung G. Fiehler und Otto Heller.
2722 1513 3800 1559 5. Beantwortung von Anfragen aus dem Fragekaſten und
2771 1554 2972 1594 Ausſprache.
2799 1603 3798 1646 Um eine unnötig große Debatte zu vermeiden, bitten
2720 1642 3800 1688 wir, Fragen über alle Gebiete bei der Bezirksleitung einzu⸗
2719 1682 3801 1726 reichen. Dieſe Fragen werden von den einzelnen Rednern bei
2721 1722 3340 1763 ihrem Thema berückſichtigt werden.
2953 1849 3557 1900 S. A. Männer! Parteigenoſſen!
2799 1921 3790 1969 Das Reichsbanner entfaltet eine nicht zu überbie⸗
2712 1966 3187 2011 tende Bürgerkriegshetze.
2808 2011 3792 2060 Hörſing ſtellt militäriſche Formationen auf und
2713 2056 3220 2102 fordert deren Bewaffnung.
2803 2100 3792 2150 Das deutſche Volk, vor allem der werktätige Teil
2712 2142 3793 2192 in den Induſtriezentren, ſoll ſeinen jüdiſchen Herren ein
2715 2189 3243 2235 Gladiatorenſchauſpiel geben.
2808 2233 3789 2281 Hemmungslos werden die Maſſen des Proletariats
2709 2278 3790 2326 aufgeputſcht, bis auf dem Pflaſter der Großſtädte Ar⸗
2712 2323 3030 2363 beiter verbluten.
2800 2366 3783 2414 Arbeiter von Mannheim, wollt ihr das auch? Nein,
2712 2410 3606 2459 ihr wollt Arbeit und Brot, Freiheit und Recht.
2796 2456 3784 2505 In den kommenden Wochen iſt damit zu rechnen,
2708 2500 3788 2549 daß vom Reichsbanner die unerhörteſten Provokationen
2712 2547 3782 2594 gegen uns verübt werden, um uns zu Geſetzloſigkeiten
2710 2588 2938 2631 hinzureißen
2803 2634 3780 2684 Nationalſozialiſten! Unſere Bewegung gründet ſich
2709 2679 3780 2727 auf Gefolgſchaftstreue und Diſziplin. Der Führer be⸗
2714 2722 3779 2772 fiehlt: Seid kalt, wohlüberlegt und laßt euch nicht pro⸗
2708 2768 3792 2815 vozieren. An eurer Ruhe muß dieſe neue Juden⸗ und
2709 2809 3788 2862 Reichsbannerhetze zerſchellen. Dann kommt der Tag, an
2707 2855 3777 2906 dem ihr, deutſche Arbeiter, als das werktätige Volk zu
2705 2901 3013 2944 beſtimmen habt.
2792 2945 3787 2995 Darum Kameraden, in dieſer Stunde Ruhe, Diſzi⸗
2710 2991 3461 3037 plin und Geſchloſſenheit. Auf den Tag!
2707 3079 2826 3125 S.⸗A.
2704 3142 3779 3191 Jeden Montag ½ 8 Uhr findet in der Kurfürſten⸗Schule
2789 3188 3778 3233 Turnen ſtatt. Es iſt für ſämtliche S.⸗A.⸗Kameraden
2798 3232 2933 3275 Pflicht!
2704 3276 3776 3324 Dienstag, den 20. Januar, findet im „Ochſen“ eine Gruſ⸗
2790 3322 3264 3365 beſprechung ſtatt. 8 Uhr.
401 3476 3781 3692 Werbt für das „Hakenkreuz⸗Banner“!
440 3860 617 3966 Mein
746 3853 1639 3963 nventur-Ausverkauf
815 3971 1532 4007 bringt ganz gewaltige Preiskürzungen in
823 4023 1583 4075 Herren- und Knabenkleidung
822 4079 1628 4126 Damenmänteln, Kleiderstoffen
824 4135 1626 4183 Manufaktur- u. Wollwaren, Trikotagen.
794 4229 996 4307 Fritz
852 4189 1620 4393 Janzer
992 4398 1385 4441 WEINHEIM
392 4027 620 4055 Zum Verkauf
390 4057 617 4081 kommen n. meine
393 4083 617 4109 bekannt guten
392 4109 618 4135 Qualitäten und
407 4137 604 4161 keine fũr diese
413 4161 590 4188 Veranstaltung
418 4188 579 4215 geramschten
401 4216 601 4243 minderwertigen
446 4243 549 4266 Waren.
390 4268 613 4296 Deshalb ist jeder
389 4294 610 4321 Kauf ein Gewinn
394 4323 609 4354 für den Käufer.
393 4417 788 4455 Verkauf nur geg. bar. Kein Umtausch.
1678 3823 2243 3867 Zur Gesundheit, zum Licht
1678 3821 2284 3928 durch Lebens-Reform!
1879 3957 2486 3992 Besuchen Sie bitte das I. Weinheimer
1877 4003 2487 4080 Reformhaus Biebach
1871 4111 2166 4159 Hauptstraße 129
1679 4180 2484 4215 Spezialgeschäft für gesunde Nahrung. Ohne Kauf-
1678 4219 2484 4255 zwang. Artikel zur natürlichen Lebens- u. Hellweise.
1681 4261 2480 4298 Körperpflege, Schrifttum. Kostl. Beratung u. Auskunft.
2446 4123 2490 4158 23
1679 4329 2486 4394 Der Nationalſozialiſt tätigt ſeine
1677 4407 2477 4463 Einkäufe in deuiſchen Geſchäften!
2561 3862 2797 3906 Strickwolle
2564 3915 2751 3961 Strümpfe
2561 3968 2821 4010 Strickwesten
2564 4027 2762 4076 Pullovers
2563 4093 2853 4140 Sportstrümpfe
2561 4156 2817 4199 Unterwäsche
2562 4220 2798 4254 kauft man bei
2564 4273 2884 4376 Lina Lutz
2560 4379 2882 4415 Mannheim, R 3, 5 a
2853 4043 2889 4080 79
3008 3864 3312 3891 Tapezier-Arbeiten, Auf-
3005 3896 3312 3923 arbeiten und Neuanfer-
3006 3927 3309 3953 tigung von Polstermöbel
3006 3959 3308 3984 und Matratzen, Zimmer-
3008 3989 3241 4016 tapezieren billigst.
3257 3989 3305 4015 69
3006 4020 3308 4048 Chaiselongue v. RM 30 an
3007 4060 3306 4102 W. FREY
3007 4104 3301 4131 Luisenring 62 (Zollhof).
3059 4203 3248 4237 Soyez
2983 4238 3323 4273 Optik Photo
3031 4279 3280 4311 MANNHEIM
2977 4319 3326 4357 R 3,1 Mittelstr. 36
2962 4363 3346 4396 Lieferant sämtl. Kranken-
2962 4399 3347 4432 kassen. Jedes Armband-
3029 4434 3267 4470 uhrglas 50 Pfg.
3394 3831 3781 3876 Pg. H. Reiher
3454 3885 3695 3922 Heidelberg
3506 3921 3666 3948 Brückenstr. 8
3397 3957 3781 3983 Flügel, Pianos u. Harmoniums
3394 3984 3779 4011 durch Miete später käuflich.
3438 4070 3727 4132 Musikalien
3434 4134 3642 4189 MUSIK-
3437 4189 3736 4245 INSTRUMENTE
3430 4246 3736 4413 Schallplatten
3536 4304 3725 4431 Radio
3432 4429 3625 4484 billig im
3450 4501 3709 4543 Neuenheimer
3477 4550 3688 4592 Musikhaus
1318 4547 2840 4603 NATIONALSOZIALISTEN TREFFEN SlCH IN:
613 4691 816 4732 Mannheim
508 4770 916 4817 „Zum Friedrichsring“
572 4818 844 4853 Fr. Hertlein, R 7, 34
975 4819 1016 4859 78
609 4948 798 4983 Mannheim
501 5002 908 5044 Restaurant u. Kaffee
523 5055 899 5096 „zum Felsenkeller“
653 5098 766 5131 K 1, 22
965 5065 1006 5106 95
1531 4694 1713 4731 Mannheim
1335 4769 1898 4812 Gasth. Müller „zum Ochsen“
1543 4818 1693 4858 T 2 Nr. 7
1876 4819 1917 4854 77
1532 4950 1710 4986 Mannheim
1480 5013 1764 5056 „Hotel Braun“
1504 5065 1741 5094 direkt am Bahnhof
1883 5061 1916 5095 82
2429 4696 2614 4735 Mannheim
2348 4749 2706 4797 Speiseheim Echtle
2444 4802 2593 4828 F 2 Nr. 11
2315 4832 2726 4871 billiger Mittag- und Abendtisch
2783 4834 2823 4870 86
2367 4950 2682 4991 Weinheim a. d. B.
2262 5005 2792 5047 Fitzer's Bier- u. Weinstube
2256 5057 2784 5087 Inh. Otto Weymann - Hauptstraße 160
2359 5088 2669 5127 Lokal der SS Sturm 31
2784 5089 2829 5124 75
3348 4701 3533 4738 Mannheim
3175 4766 3707 4816 Gasthaus „z. Rosengarten“
3239 4816 3639 4855 Carl Kupfer, U 6, 2 (am Ring)
3701 4817 3746 4852 74
3294 4955 3590 4994 Weinheim a. d. B.
3189 5021 3688 5066 Gasthaus „zur Eintracht“
3319 5071 3565 5110 Bes. A. Heckmann
3699 5073 3744 5112 73
