5934 8064
1142 340 1934 425 Kleider machen Leute
649 461 1516 510 Man hat gegen diesen schon bei den
605 512 1508 561 alten Römern umlaufenden Ausspruch
609 566 1511 614 des öfteren zornig geeifert und ihm voll
603 618 1504 669 heller Empörung den Vorwurf gemacht,
605 671 1506 722 er verwechsele die äußere Schale mit
601 723 1507 778 dem inneren Kern, wogegen allerdings
600 779 1507 832 mit Fug zu protestieren wäre. Doch ist
604 831 1507 884 diese moralische Splitterrichterei bei
605 885 1508 935 Lichte gesehen nur ein Kampf gegen
606 934 1511 981 Windmühlenflügel, denn es wird ja gar
604 980 1513 1028 nicht behauptet, daß das Kleid den
607 1029 1510 1077 Menschen mache und mithin etwas
607 1077 1513 1122 über seinen inneren Wert aussage, son-
607 1119 1508 1170 dern eben nur - Leute, das aber will
601 1169 1507 1217 allein besagen, daß von der Art der
600 1214 1510 1265 Kleidung unser äußeres Erscheinungs-
606 1263 1505 1311 bild maßgeblich bestimmt wird. Und da-
606 1311 1509 1358 gegen ist ernsthafterweise wohl kaum
608 1356 1507 1404 ein Einwand zu erheben. Verrät das
604 1404 1505 1451 Kleid gleich nicht, was in einem Men-
607 1451 1514 1498 schen steckt, so verrät es doch um so
601 1495 1508 1543 mehr, was in ihm, dem Kleide, selber
604 1542 1506 1591 steckt, nämlich in Bezug auf Güte, Form
600 1592 982 1636 und Haltbarkeit.
651 1636 1509 1684 Im sechsten Kriegsjahr gibt es auch
605 1685 1499 1732 für die Kleidung kein Ausweichen mehr,
604 1731 1509 1775 da muß sie Farbe bekennen. Heutzutage
603 1776 1506 1826 ist jedermann gezwungen, sich im Rah-
607 1823 1504 1870 men seines Bekleidungsetats mit höch-
604 1870 1508 1916 ster Sparsamkeit einzurichten. Selbst
603 1919 1501 1961 als man uns noch Kleiderpunkte zuge-
602 1965 1504 2010 stand, konnten wir keine großen
600 2011 1498 2056 Sprünge machen. Inzwischen aber sind,
601 2055 1509 2101 von besonderen Ausnahmefällen abge-
605 2101 1503 2149 sehen, alle Neuanschaffungen, jeden-
606 2152 1512 2197 falls für Erwachsene, durch die Sper-
607 2199 1509 2243 rung der Kleiderkarte an die Kette ge-
605 2244 1506 2289 legt. Wenn gleichwohl die Menschen
602 2291 1505 2335 auch heute auf den Straßen durchaus
604 2340 1503 2383 nicht verwahrlost umherlaufen, son-
606 2386 1503 2429 dern immer noch relativ gepflegt er-
605 2432 1506 2476 scheinen, so ist das wohl der überzeu-
610 2475 1501 2523 gendste Beweis dafür, daß unsere Klei-
602 2526 1503 2570 dung kein windiger Flitterkram, daß
600 2573 1502 2617 sle vielmehr aus dauerhaftem Material
600 2618 1503 2664 gearbeitet war. Ist es doch nur einem
603 2666 1506 2712 kleinen Teil der Verbraucherschaft be-
1568 456 2473 506 schieden gewesen, in den Krieg mit vol-
1568 506 2471 553 len Kleiderschränken einzugehen. Ver-
1568 552 2473 600 gessen wir nicht, daß zwischen der
1568 598 2466 649 Überwindung der großen Wirtschafts-
1569 648 2468 694 krise und dem Kriegsausbruch nur
1572 693 2464 744 knappe fünf Friedensjahre liegen. Wäh-
1568 740 2470 789 rend dieser kurzen Zeitspanne haben
1569 789 2468 834 aber der Mehrzahl der Volksgenossen
1568 834 2467 881 Zeit und Mittel gefehlt, sich in den Be-
1564 881 2474 931 sitz erheblicherer Garderobenbestände
1567 930 2470 979 zu bringen. Mochte es bei den Frauen
1568 976 2470 1025 im allgemeinen mit der Auswahl schon
1568 1025 2469 1071 etwas reichlicher bestellt sein, so war
1564 1069 2467 1120 auch hier gleichwohl Überfluß kaum
1567 1116 2469 1165 irgendwo vorhanden. Mancher Mann
1563 1163 2467 1211 aber hat neben dem sorgsam gehüteten
1567 1211 2472 1258 Sonntagsanzug überhaupt nur seine
1570 1258 2467 1304 Arbeitskleidung und dazu noch einen
1570 1312 1951 1352 Mantel besessen.
1613 1352 2468 1400 Dieser während des Krieges nicht we-
1565 1397 2468 1445 sentlich ergänzte Fundus hat nun eine
1567 1442 2469 1493 mehr als fünfjährige Bewährungsprobe
1563 1488 2461 1538 hinter sich. Mag sich mittlerweile auch
1563 1537 2470 1586 mancbhes blank gescheuert haben und
1562 1581 2467 1633 ausgefranst sein und hat sich hier und
1566 1629 2468 1679 da nicht immer vermeiden lassen, daß
1564 1680 2468 1725 men einen Flicken von nicht ganz pas-
1568 1725 2467 1771 sendem Muster aufsetzte, wir lassen uns
1565 1772 2474 1818 auch heute nicht gehen und haben uns
1565 1820 2471 1863 bisher von jeder Verlumpung sorgsam
1565 1865 2464 1914 ferngehalten. In den Luftschutzkoffer,
1567 1913 2465 1956 in dern man die wichtigste Habe birgt,
1568 1956 2469 2006 gehört allemal auch das nicht gerade
1568 2003 2466 2051 am Leibe getragene Kleidunęgsstück,
1568 2053 2467 2097 und nicht selten sind etwas Kleidung
1564 2102 2461 2146 und Wäsche überhaupt das einzige Be-
1565 2144 2467 2191 sitztum, das man aus den berstenden
1565 2193 2477 2239 Mauern rettete. Übrigens hat man be⸗
1566 2239 2466 2285 reits während der Inflations- und Kri-
1565 2285 2465 2332 senjahre die Wahrnehmung machen
1567 2334 2466 2380 können, mit welcher Sorgfalt die Men-
1568 2381 2470 2424 schen darauf bedacht waren, den äuße-
1565 2428 2469 2472 ren Schein zu wahren, der, richtig ver-
1566 2475 2468 2519 standen, eben doch ein wenig mehr ist
1562 2521 2471 2567 als bloß äußerer Schein, weil man mit
1564 2568 2467 2612 ihm zäh und entschlossen den einmal
1564 2614 2417 2662 erreichten Kulturstandard verteidigt.
2412 2672 2467 2707 p.
737 2833 1288 2926 MANNHEIM
511 2950 1501 2993 Verdunklungszeit von 17.35 Uhr bis 7.53 Uhr
543 3045 1506 3095 Das Deutsche Kreuz in Gold wurde Uffz.
501 3098 1507 3147 Trost, Neckarau, Rangierbahnhof 4, ver-
504 3148 654 3195 liehen.
537 3203 1506 3249 Ausgezeichnete Soldaten. Mit dem EK II
504 3251 1511 3295 ausgezeichnet wurden Obergefr. Felix Ru-
505 3296 1510 3343 dershausen, Leutnant Gustav Hauck,
508 3346 1507 3388 Neckarhausen, Adolf-Hitler-Str. 57, Gefr.
504 3394 1509 3436 Josef Palm, Ladenburg, Neue Anlage 2, so-
502 3438 1508 3486 wie Obergefr. Karl Krotz, Rheinhäuser-
497 3489 719 3532 straße 87.
548 3540 1513 3591 Silberne Hochzeit feiern Wilhelm Lenz
505 3589 1510 3636 und Ehefrau geb. Steier, Feudenheim, Pfalz-
503 3640 1509 3683 straße 5, Josef Kreutzer und Frau Gretel
505 3684 1508 3734 geb. Transier, Seckenheim, Kloppenheimer-
501 3732 1506 3782 straße 77, Josef Hauck und Frau Elisa-
498 3779 1321 3831 beth geb. Scheuermann, Ladenburg.
1574 2823 2541 2872 Hohes Alter. Ihren 85. Geburtstag begeht
1536 2871 2536 2917 Frau Berta Rietheimer, z. Z. Altheim,
1535 2918 2542 2965 den 80. Geburtstag feierte Philipp Grei-
1534 2963 2542 3013 ner, Dammstraße 13, z. Z. Stühlingen, Kreis
1534 3012 2543 3061 Waldshut, Hotel zur Post, den 80. begeht
1534 3059 2540 3103 Frau Wilhelmine Kohl geb. Rittelmann,
1537 3105 2538 3151 Inhaberin des goldenen Mutterehrenkreuzes,
1535 3150 2541 3200 Rheinau, Pfingstbergplatz 6, seinen 70. Karl
1533 3199 2538 3246 Ditrich, M 7, 10, Eugen Nieschwitz,
1536 3246 2541 3296 Kattowitzer Zeile 97, sowie Frau Josefine
1538 3293 2540 3341 Geist geb. Wolfgang, Waldhof, Oppauer
1537 3343 1761 3387 Straße 39.
1575 3411 2542 3460 Bekanntmachungen. Zwei Veröffentlichun-
1535 3465 2542 3511 gen des Ernährungs- und Wirtschaftsamtes
1534 3517 2544 3563 im heutigen Anzeigenteil beanspruchen das
1536 3569 2542 3614 besondere Interesse. Sie behandeln den Ver-
1536 3622 2541 3668 kauf von Tabakwaren für die Zeit vom 8.
1533 3673 2543 3719 Januar bis 4. Februar und die Stellung von
1534 3723 2538 3774 Anträgen auf Ausstellung von Bezugschei-
1534 3780 2320 3830 nen für Fahrradersatzbereifungen.
2912 227 5287 360 Die Partei richtet sich zu neuer Jahresarbeit aus
3416 381 4740 444 Erster Führerappell des Jahres in der Kreisschule
2607 479 3562 532 Die Bürde der Verantwortung und die
2564 534 3559 580 Fülle der Arbeiten, die im sechsten Kriegs-
2567 578 3562 628 jahr auf den Schultern der Männer der
2566 625 3561 673 Partei lasten, ist übergroß. Zumal der
2568 670 3560 721 Aufgabenkreis durch Terror, durch Auf-
2566 718 3562 766 stellung des Volksturms und den totalen
2567 765 3562 814 Kriegseinsatz eine außerordentliche Aus-
2569 810 3562 859 weitung erfahren hat. Da ist es zu Beginn
2564 856 3562 907 eines neuen Jahres notwendiger als je,
2567 901 3562 953 Rückschau auf Geleistetes und Vorschau
2566 951 3564 998 auf das noch der Erfüllung in kommenden
2568 996 3563 1046 Tagen Harrenden mit einer Besinnung auf
2569 1042 3565 1093 die Aufgaben zu verbinden, die der Partei
2568 1090 3564 1138 ureigen sind. Kreisleiter Dr. Neusche-
2567 1138 3565 1182 ler nahm in der ersten Führertagung in
2570 1182 3565 1230 der Kreisschule die Ausrichtung der Ho-
2568 1234 3204 1278 heitsträger des Kreises vor.
2619 1290 3565 1341 „Auf unser Tun kommt es an und nicht
2567 1337 3564 1388 auf das, was wir reden.“ Dieses Motto
2570 1383 3563 1432 bildete Ausgangspunkt und Kernpunkt der
2567 1431 3563 1477 tiefschürfenden Darlegungen, deren erster
2570 1478 3566 1523 Teil sich mit den drei Phasen dieses gigan-
2572 1521 3566 1572 tischen Ringens beschäftigte, das sich als
2571 1570 3567 1618 ausgesprochener Glaubenskrieg dokumen-
2574 1617 3563 1663 tiert. Die erste Phase, so führte Pg. Dr.
2571 1662 3566 1709 Neuscheler aus, war ein Sturm des natio-
2569 1708 3567 1756 nalsozialistischen Volksheeres über die
2568 1755 3566 1806 Feindländer hinweg, um den festgeschlosse-
2568 1800 3567 1849 nen Einkreisungsring zu sprengen. Es war
2570 1847 3563 1893 der Aufbruch der nationalsozialistischen
2572 1895 3564 1943 Revolution auf dem Schlachtfeld Europa.
2572 1937 3567 1989 Die zweite Phase begann mit dem Duell
2571 1988 3567 2033 zwischen Deutschland und der Sowjetunion.
2569 2033 3565 2080 Der kraftvolle Versuch, den Koloß, der sich
2567 2079 3568 2125 anschickte, die Staaten der alten Kultur-
2569 2124 3567 2174 welt auszulöschen, entscheidend zu lähmen,
2572 2174 3569 2217 scheiterte an dem mangelnden Einsatz un-
2570 2218 3568 2266 serer Bundesgenossen und dem Nachschub-
2567 2269 2771 2319 problem.
2610 2321 3566 2375 Nach Stalingrad es in hinhaltendem
3592 471 4592 525 Widerstand den er erten Raum gegen Zeit
3590 522 4587 571 einzutauschen. Zu diesem ersten großen
3591 567 4591 622 Rückschlag kamen derZweifrontenkrieg und
3591 616 4594 667 der Bombenterror, versuchte die Reaktion
3591 664 4592 715 im Innern zum Zuge zu kommen, wie sie
3590 710 4589 760 sich bereits bei den Verbündeten durchge-
3592 756 4591 810 setzt hatte. In dieser Phase wurde es offen-
3591 804 4586 856 bar, daß die bürgerliche Welt der erbar-
3590 850 4592 903 mungslosen Härte dieses Vernichtungskrie-
3592 898 4592 950 ges nicht gewachsen war und mit allen
3593 943 4592 995 Mitteln versuchte, sich aus dem Kriege
3591 993 4590 1041 herauszuschleichen, so wie es zuerst Ita-
3592 1037 4594 1089 lien tat. Bourgeoise Gleichgültigkeit Volk
3593 1085 4590 1134 und Staat gegenüber, sowie Bequemlich-
3592 1131 4592 1179 keit ließen den Haß gegen den National-
3593 1175 4594 1226 sozialismus aufkeimen und dem Verrat
3596 1231 4118 1274 Ohr und Hand leihen.
3639 1291 4594 1344 Die zweite Phase führte uns an den Rand
3597 1339 4599 1389 des Abgrundes. Keine Macht der Welt hätte
3598 1386 4593 1437 gleiches überstanden und in wenigen Wo-
3600 1434 4596 1483 chen die Welle der Vernichtung, die aus
3598 1480 4596 1527 dem Westen uns zu überbranden drohte, in
3600 1526 4598 1576 gleicher Weise gebrochen. Wie ein Phönix
3595 1572 4594 1621 aus der Asche stieg das junge national-
3597 1619 4597 1669 sozialistische Deutschland neu hervor. Wir
3596 1664 4594 1714 starten jetzt in der dritten Phase zum End-
3599 1709 4592 1763 sieg. Wer sich uns heute in den Weg stellt,
3599 1759 4596 1808 muß fallen. Es geht darum, daß jeder mit-
3599 1805 4597 1853 marschiert, es kann keine bloßen Zuschauer
3601 1852 4598 1901 geben, gleichgültig an welchem Arbeits-
3599 1897 4598 1948 platz, an welcher Führungsstelle. Der alte
3598 1945 4599 1992 Trott hat ein Ende. Die nationalsozialisti-
3599 1988 4598 2040 sche Haltung setzt sich durch, auch nach
3600 2036 4596 2085 außen. Die gegenwärtige Phase sieht den
3599 2083 4597 2132 Nationalsozialismus weltoffen, durch Erfah-
3597 2129 4594 2180 rung geklärt, in kluger Verhaltenheit, ge-
3597 2177 4596 2227 strafft im Innern und von einer unerhörten
3598 2223 4595 2271 Härte. Das Volk in Waffen wird nunmehr
3598 2272 4603 2319 in geschlossener Phalanx zum Siege mar-
3596 2317 4597 2365 schieren, von unerschütterlichem Glauben
4620 453 5625 516 beseelt und durchdrungen vom unbedingten
4623 503 5623 564 Wissen um den Sieg. Jeder ist sich klar
4620 548 5632 609 darüber, daß der Kampf nur beendet wird
4619 595 5628 657 durch unseren letzten Krafteinsatz. Darin
4621 647 5631 704 gibt sich niemand trügerischen Hoflnungen
4622 694 5543 748 oder leichtfertigem Wunderglauben hin.
4668 736 5628 796 Aus dieser Sachlage und Haltung heraus
4623 786 5625 844 zeichnet sich für die verantwortlichen Män-
4621 832 5628 889 ner der Partei die Aufgabenstellung in kla-
4624 881 5633 936 rer Linie ab. Trotz der Fülle übernomme-
4624 926 5629 982 ner Aufgaben, die sich zum Teil auf Ge-
4624 973 5629 1029 biete der Verwaltung erstrecken, darf die
4625 1021 5634 1078 Partei nicht die ihre ureigene Aufgabe ver-
4622 1063 5629 1124 gessen. Auf die Auslese der Bewährten und
4626 1112 5632 1167 die Ausmerzung der Lauen muß besondere
4625 1157 5627 1215 Aufmerksamkeit gerichtet werden. Auch
4624 1206 5633 1262 die weltanschauliche Schulung darf über
4625 1249 5634 1308 alledem nicht zu kurz kommen. Jetzt darf
4627 1298 5636 1355 niemand auf der Stelle treten, darf keiner
4628 1345 5627 1400 vor Einsatz und Opfer zurückschrecken,
4628 1390 5635 1449 gleichgültig, was es auch sei. Wesentlich ist
4625 1435 5629 1497 nur eines: der Sieg! hk.
4631 1531 5632 1598 Wie die Seckenheimer zu dem Namen
4851 1598 5397 1654 „Puhlzappe“ kamen
4676 1660 5634 1715 Es war noch in der Zeit, als die Secken-
4629 1707 5636 1762 heimer Landwirte in Mannheim noch ihren
4629 1755 5637 1809 Pfuhl holen konnten, von der die Ge-
4627 1803 5636 1857 schichte nun erzählt. Ein Seckenheimer
4626 1852 5637 1902 Landwirt rüstete sich wieder einmal zur
4629 1898 5635 1950 Fahrt in die Stadt, um von dem Vielgeprie-
4629 1942 5639 1998 senen zu holen. Er nahm seine zwei Pferde
4632 1991 5639 2043 und zwei Pfuhlfässer und machte sich auf
4632 2036 5630 2092 den Weg. Es ging wie immer alles glatt ab,
4631 2085 5642 2139 nur auf dem Heimweg stellte ihm der Teu-
4631 2132 5638 2184 fel ein Bein. Das Bäuerlein war kaum eine
4633 2179 5635 2232 halbe Stunde gefahren, als das Unvermeid-
4632 2227 5641 2280 liche seinen Lauf nahm. Auf einmal hörte
4631 2275 5646 2328 es hinter sich ein ordentliches Rauschen, es
4632 2323 5639 2373 sah sich um und erkannte, daß in dem vor-
4633 2372 5644 2419 deren Faß der Spund herausgegangen
4636 2417 5642 2468 war. Schnell entschlossen sprang der Mann
4635 2462 5642 2514 von seinem Sitz herab und rannte an das
4633 2511 5643 2562 hintere Faß, zog dort den Spund heraus
4635 2556 5642 2610 und steckte ihn in das vordere Faß. Der
4633 2604 5641 2654 schlaue Bauer merkte erst als er nach
4636 2650 5650 2704 Hause kam, daß er ein leeres hinteres Fäß-
4633 2696 5641 2748 lein hatte. Am nächsten Abend wurde die
4636 2746 5642 2796 Geschichte schon in der „Rose“ erzählt, wo
4637 2795 5458 2842 der Bauer seinen Stammtisch hatte.
4681 2839 5638 2888 So kamen die Seckenheimer zu ihrem Na-
4632 2886 5643 2939 men „Puhlzappe“. WFL.
4681 3018 5636 3068 Verjährung von Forderungen aus dem
4637 3065 5645 3113 Eisenbahnverkehr. Nach einer Bekannt-
4636 3112 5640 3160 machung der Reichsbahndirektion Berlin
4637 3158 5637 3207 werden die Verjährungsfristen für Forde-
4635 3207 5639 3254 rungen aus dem Eisenbahnverkehr vom
4637 3251 5635 3302 15. Oktober 1944 bis zum Schluß des Jah-
4637 3297 5638 3349 res 1945 gehemmt. Hiernach, so heißt es in
4638 3347 5637 3393 der Bekanntmachung, ist die Verjährung
4640 3393 5642 3442 der Ansprüche auf Zahlung, Nachzahlung
4636 3439 5644 3488 oder Erstattung von Fracht usw. für alle
4636 3483 5638 3534 Sendungen, für die Zeit nach dem 15. Ok-
4641 3534 5626 3582 tober 1943 bezahlt worden ist, bis zum
4634 3579 5642 3630 31. Dezember 1945 gehemmt. Auf soge-
4634 3626 5646 3673 nannte Ausschlußfristen, z. B. § 70 (2 a Eisen-
4638 3672 5643 3721 bahnverkehrsverordnung) findet die Zweite
4638 3720 5636 3768 Kriegsausnahmeverordnung keine Anwen⸗
4640 3774 4773 3820 dung.
2777 2414 4403 2538 Kleingärten für Luftkriegsbetroffene
2613 2557 3572 2603 Kann ein Kleingärtner aus kriegsbeding-
2573 2606 3567 2650 ten Gründen seinen Garten nicht selbst be-
2570 2654 3570 2697 wirtschaften, so ist er nach einer neuen
2571 2700 3570 2745 Verordnung des Reichswohnungskommissars
2573 2747 3569 2791 berechtigt, diese Pflicht durch einen geeig-
2572 2790 3570 2840 neten Vertreter ausüben zu lassen. Er hat
2573 2840 3573 2888 in diesem Falle den Verpächter davon zu
2574 2886 3572 2933 verständigen, durch wen der Garten in sei-
2571 2932 3571 2980 nem. Auftrag bearbeitet wird. Macht der
2572 2979 3570 3026 Kleingärtner von diesem Recht keinen Ge-
2573 3029 3571 3073 brauch, dann kann die untere Verwaltungs-
2574 3073 3572 3119 behörde anordnen, daß der Garten für die
2573 3122 3573 3168 Zeit der Behinderung des Kleingärtners von
2572 3169 3569 3214 einem anderen geeigneten Bewerber be-
2575 3214 3572 3261 wirtschaftet wird. Das wird im Benehmen
2573 3262 3570 3308 mit dem Verpächter geschehen. Das Be-
2572 3307 3572 3355 sitzrecht des Bewerbers endet am Schluß
2573 3357 3573 3402 des Kalenderjahres, in dem der frühere
2573 3400 3573 3448 Kleingärtner den Kleingarten wieder selbst
2575 3450 3573 3496 bewirtschaften kann und dem Verpächter
2572 3497 3570 3543 mitgeteilt hat, daß er dies zu tun beabsich-
2573 3546 2671 3595 tigt.
2616 3636 3570 3683 Eine weitere neue Bestimmung berechtigt
2568 3687 3573 3730 den Kleingärtner, seinen Kleingarten ganz
2570 3732 3576 3777 oder teilweise einem Luftkriegsbe-
2571 3778 3573 3824 trofftenen zuüberlassen, damit die-
3601 2552 4602 2600 ser dort ganzjährig wohnen und das Land
3603 2601 4606 2649 bewirtschaften kann. Macht ein Kleingärt-
3601 2647 4603 2693 ner von diesem Recht Gebrauch, so darf
3603 2696 4603 2741 sein Verpächter ihm aus diesem Grunde
3601 2743 4604 2787 weder künftigen noch von ihm eine er-
3601 2788 4605 2835 höhte Pacht verlangen. Die von dem Luft-
3601 2839 4602 2881 kriegsbetroffenen zu zahlende Vergütung
3600 2884 4603 2929 wird im Zweifel von der unteren Verwal-
3601 2931 4604 2976 tungsbehörde festgesetzt. Der Luftkriegsbe-
3600 2980 4605 3023 troffene genießt den Besitzschutz des Klein-
3602 3027 4606 3071 gartenrechts auch dem Kleingärtner gegen-
3603 3073 4606 3119 über, aber mit der Einschränkung, daß die-
3603 3119 4602 3164 ser Schutz vorzeitig in dem Zeitpunkt endet,
3603 3166 4606 3212 in dem entweder der Kleingärtner durch
3601 3215 4603 3260 unverschuldeten Verlust seiner Wohnung
3604 3262 4607 3305 gezwungen ist, die in seinem Kleingarten
3601 3309 4607 3354 geschaffene Wohngelegenheit selbst zu be-
3604 3357 4604 3399 nutzen, oder der Luftkriegsbetroffene in der
3601 3402 4606 3448 Lage ist, sich eine andere Wohngelegenheit
3602 3449 4608 3494 zu beschaffen. Diese Voraussetzung gilt
3600 3499 4604 3541 auch dann als erfüllt, wenn ihm eine geeig-
3601 3546 4605 3587 nete freie Wohngelegenheit nachgewiesen
3600 3593 4607 3635 wird. Die neue Verordnung, die auch zum
3602 3638 4607 3682 Kündigungsschutz bei Pachtverträgen über
3604 3685 4608 3729 kleingärtnerisch genutztes Land noch einige
3604 3731 4607 3777 kleinere Aenderungen bringt, tritt am 1. Ja-
3603 3781 4049 3824 nuar 1945 in Kraft.
911 3912 1539 3960 FAMILIENANZEIGEN
751 3991 972 4032 Geburten:
503 4036 1208 4078 Traudl Anneliese, unser 1. Kind,
533 4079 1213 4115 am 20. 12. 1944. Frau Else Weber
533 4112 1210 4147 geb. Brenner, z. Z. Bürstadt, Wil-
535 4147 1209 4183 helminenstraße 17 - Uffz. Edmund
536 4184 1009 4219 Weber, z. Z. im Felde.
507 4222 1210 4261 Werner Hans Kurt, am 10. 12. 1944
532 4260 1204 4295 als teuerstes Vermächtnis meines
530 4297 1205 4332 vor 3 Mon. gef. Mannes Dipl.-Ing.
534 4329 1205 4367 Werner Rothenburger. Frau Eli-
530 4368 1208 4402 sabeth Rothenburger geb. Schmitt
533 4403 1208 4439 z. Z. Schweigern/Baden, Hinden-
530 4437 834 4472 burgstraße 181.
721 4480 992 4523 Verlobungen:
501 4526 1212 4563 Anneliese Pfannkuch, Kassel-Wil-
531 4562 1209 4599 helmshöhe - Uffz. Oskar Bahlke.
531 4599 1210 4637 Mhm.-Neckarau, Friedrichstr. 118.
532 4636 814 4669 Silvester 1944.
504 4673 1210 4716 Elfriede Geiger - SS-Mann Manfred
532 4712 1208 4752 Jöst (z. Z. Wehrm.) Mhm.-Käfer-
538 4748 1156 4786 tal, Aeußere Wingertstraße 16.
1239 3992 1951 4032 Magda Engelhardt - Obgefr. Walter
1274 4032 1950 4067 Stephan. Mhm.-Neckarau, Neu-
1268 4066 1946 4103 gasse 7 - Mhm.-Neckarau, Wörth-
1270 4102 1762 4141 straße 21, Neujahr 1945.
1240 4156 1951 4197 Trude Leininger, Oberhelferin der
1275 4196 1949 4230 Luftwaffe - Josef Diernhofer,
1272 4233 1948 4267 Wachtm. der Luftw. Mannheim,
1273 4266 1947 4304 Sammelbahnhof Nr. 3 - Eichstätt.
1268 4305 1636 4339 24. Dezember 1944.
1241 4359 1949 4397 Bertl Gaubatz - Bertold Spieß,
1273 4399 1951 4432 Oberfeldw. Pirmasens - Neckar-
1271 4434 1684 4472 hausen, Januar 1945.
1243 4489 1951 4527 Otti Wetzler, Käfertaler Straße 39 -
1273 4528 1948 4564 Otto Ritthaler, Zellerstr. 58, z. Z.
1275 4565 1883 4601 Waffen-SS. Weihnachten 1944.
1441 4619 1747 4663 Vermählungen:
1240 4676 1951 4717 Ing. Willy Wilksen - Gerda Wilksen
1274 4718 1955 4753 geb. Schramm. Mannheim, Alp-
1271 4754 1876 4790 hornstraße 35, 2. Januar 1945.
771 4913 1671 4959 Für Führer, Volk und Vaterland starben:
649 4970 1070 5015 Soldat Karl Vobis
536 5016 1186 5052 18 Jahre, nach schwer. Verwund.
536 5053 1098 5087 Plankstadt, Luisenstraße 17.
612 5086 1195 5124 Familie Wilhelm Vobis und
616 5124 985 5161 alle Angehörigen.
637 5192 1085 5239 Uffz. Karl Schmitt
536 5243 1188 5278 stud. Ing., 23 Jahre, im Westen,
537 5278 1129 5312 ½ Jahr nach seinem Bruder.
538 5314 1097 5348 Hockenheim, Ringstraße 18.
570 5349 1195 5383 Gust. Schmitt u. Frau u. Fam.;
570 5385 1189 5419 Adolf und Heinrich Schmitt;
571 5420 1189 5455 Schwester Martha u. Familie
569 5457 1063 5489 nebst allen Verwandten.
534 5492 1187 5526 Trauergottesdienst am 14. Jan.,
536 5526 993 5564 7.45 Uhr, evgl. Kirche.
580 5595 1195 5640 Werner Marcks, Owachtm.
537 5645 1193 5678 Inh. EK 1 u. 2 u. and. Auszeichn.,
535 5681 962 5713 30 Jahre, im Westen.
536 5715 1174 5748 Mhm.-Neckarau, Traubenstr. 2.
567 5751 1195 5784 Hedi Marcks (Frau); Georg
570 5787 1187 5821 Marcks u. Frau (Eltern) sowie
567 5821 819 5859 Geschwister.
662 5887 1055 5936 Karl Meerwarth
536 5937 1189 5973 Stabsintendant, Inh: verschied.
535 5974 1186 6008 Auszeichn., in ein. Heimatlazar.
532 6011 1103 6045 Mhm.-Waldhof, Speckweg 6.
577 6045 1189 6079 Marg. Meerwarth und Kinder
579 6081 966 6115 nebst Angehörigen.
535 6117 1182 6151 Trauerfeier: Donnerstag, 4. Jan.,
534 6154 1140 6191 10 Uhr, Hauptfriedhof Mannh.
604 6218 1103 6268 Uffz. Samuel Wyrich
537 6270 1182 6305 39 Jahre, nach schwer. Verwund.
536 6307 1188 6340 im Westen in ein. Heimatlazar.
537 6341 1145 6375 Mannheim, Kleinfeldstraße 52.
565 6377 1185 6412 Elisabeth Wyrich geb. Nöltner;
566 6410 1191 6447 Eltern: Georg schmidt sowie
563 6448 1186 6481 Geschwister, Schwiegereltern
563 6483 1012 6519 und alle Angehörigen.
597 6554 1119 6600 Obergefr. Franz Munz
533 6604 965 6637 29 Jahre, im Westen.
539 6634 1190 6673 Bischheim b. Kirchheimbolanden,
533 6672 1181 6709 Mannheim, Eichendorffstraße 3.
562 6707 1191 6742 Ottilie Munz geb. Pleidner
563 6742 1191 6778 nebst 4 Kindern; Josef Thum
563 6777 1191 6815 und Frau Luise geb. Tubach
562 6815 902 6855 und Angehörige.
614 6884 1112 6933 Pg. Ludwig Baumann
535 6930 1195 6971 Obergefr., Ortsamtsleiter der
535 6966 1187 7005 NSDAP, Inh. d. EK 2. Kl. u. and.
537 7003 1197 7041 Auszeichn., 34 Jahre, im Osten.
536 7038 1197 7076 Mh.-Seckenheim, Rastatter Str. 1.
571 7071 1192 7111 Frau Emilie Baumann, Mutter
565 7106 1196 7147 seine Geschwister und alle
564 7148 836 7184 Angehörigen.
612 7218 1113 7263 Gren. Detlev Buttkus
539 7262 1193 7301 18 Jahre, an s. im Osten erlitt.
538 7297 1193 7336 schw. Verwund. in e. Heimatlaz.
540 7338 928 7373 Mannheim, R 7, 34.
572 7369 1193 7407 Rudolf und Martha Buttkus,
571 7402 1196 7442 Eltern; Hedi und Dieter, seine
574 7437 1196 7481 Geschwister; Familie Gaffron,
574 7481 802 7518 Großeltern.
1381 4977 1790 5019 Uffz. Kurt Unger
1257 5022 1920 5056 Inh. EK 1 u. 2, Inf.-Sturmabz. in
1261 5059 1918 5093 Silber, Nahkampfsp., gold. Ver-
1259 5094 1916 5129 wund.-Abz., 22 Jahre, im Osten.
1260 5130 1631 5163 Mannheim, G 2, 8.
1287 5162 1919 5198 Hch. Unger u. Frau Christiane
1294 5197 1916 5235 geb. Gebhard; Familie Ludwig
1292 5236 1925 5270 Zeitz, Lübeck; Braut Elsa Gunst
1289 5273 1903 5307 U 6, 11 u. alle Anverwandten.
1311 5340 1864 5385 Feldw. Franz Adelhelm
1260 5389 1915 5424 Inh. verschied. Ausz., 25 Jahre,
1259 5425 1918 5459 nach schw. Verwund. im Osten
1257 5462 1785 5494 in einem Reservelazarett.
1258 5496 1884 5530 Mannheim, Friedr.-Karl-Str. 5.
1294 5530 1923 5565 Eltern: Franz Adelhelm u. Frau
1295 5567 1924 5601 Käthe geb. Kurzweil; Schwe-
1289 5601 1917 5635 stern: Else u. Berta Adelhelm
1290 5639 1783 5673 und alle Anverwandten.
1364 5704 1805 5752 Gefr. Pirmin Dörr
1252 5756 1689 5789 35 Jahre, im Westen.
1254 5787 1917 5828 Mannheim, z. Z. Wilhelmsfeld,
1256 5827 1595 5860 Römerstraße 124.
1305 5857 1915 5895 Mutter: Juliana Dörr Witwe,
1305 5895 1895 5929 Geschwister und Verwandte.
1312 5968 1866 6014 Gefr. Hermann Westrup
1260 6014 1916 6050 Inh. Inf.-Sturmabz. in Silber u.
1256 6050 1916 6085 Verw.-Abz., 37 Jahre, im Süden.
1258 6085 1792 6120 Mannheim, Inselstraße 10.
1292 6117 1917 6156 Paula Westrup geb. Heinrich
1289 6156 1919 6191 mit Kindern Edith und Heinz-
1291 6189 1915 6226 Peter; Heinrich Westrup und
1289 6224 1917 6262 Frau, Eltern; Therese Heinrich,
1291 6259 1920 6299 Schwiegermutter, Geschwister
1290 6297 1754 6336 und alle Angehörigen.
1313 6370 1867 6415 Obergefr. Heinz Robens
1254 6416 1920 6453 25 J., in e. Kriegslaz. im Westen.
1293 6450 1917 6487 Gattin: Leni Robens mit Töch-
1292 6485 1923 6522 terchen Gerlinde; Vater: Hein-
1292 6518 1919 6557 rich Robens sowie Geschwister,
1292 6557 1915 6595 Schwiegereltern u. alle Verw.
1434 6625 1812 6672 Kurt Linnebach
1260 6670 1919 6713 Stabs- u. Hauptfeldw., Inh. EK
1255 6709 1912 6748 1 u. 2 u. Nahkampfsp., 37 Jahre,
1256 6750 1486 6783 im Westen.
1260 6780 1922 6820 Laudenbach a. d. B,. Hauptstr. 80.
1293 6816 1919 6854 Henriette Linnebach Wwe. als
1292 6850 1918 6889 Mutter u. Schwester Cornelia
1293 6886 1779 6924 sowie alle Angehörigen.
1261 6920 1922 6960 Gedächtnisfeier: Sonntag, 7. 1.,
1258 6956 1922 6997 13.45 Uhr, in der evgl. Kirche
1256 6996 1518 7031 Laudenbachg.
1312 7064 1860 7112 Obergefr. Willi Hartung
1261 7109 1914 7150 Inn. Ek 2, Sturmabz., Ostmed.
1259 7147 1920 7184 u. and. Ausz., 34 J., im Südosten.
1259 7183 1920 7220 Schwetzingen, Luisenstraße 43 -
1261 7223 1520 7255 Hockenheim.
1296 7253 1920 7291 Frau Anna Hartung geb. Auer
1295 7288 1914 7325 m. Kind Helga; Anna Hartung
1296 7323 1918 7362 Witwe (Mutter); Fam. Jakob
1298 7360 1920 7398 Auer (Schwiegereltern); Ge-
1293 7396 1917 7432 schwister u. alle Verwandten.
1260 7428 1918 7469 Trauerfeier: Sonntag, 7. Jan., in
1264 7467 1914 7506 der evgl. Kirche Schwetzingen.
2599 3885 2852 3935 Es starben:
2005 3960 2682 4005 Elisabeth Schmidt geb. Rauh
2013 4007 2678 4043 38 J., nach 1 g. schwer. Krankheit
2016 4043 2680 4078 am 24. 12. 1944 in Oberbühlertal.
2049 4077 2676 4113 Otto Schmidt (z. Z. im Felde)
2046 4114 2670 4148 und Kinder Wolfgang u. Lilo;
2047 4149 2679 4182 Fam. Ldw. Roth, Karl Schmidt,
2049 4186 2637 4216 Geschwister u. Anverwandte.
2019 4219 2679 4255 Beerdigung hat in Oberbühlertal
2018 4258 2301 4292 stattgefunden.
2085 4324 2610 4369 Theresia Kilian Witwe
2018 4372 2658 4411 78 Jahre, am 22. Dezember 1944.
2021 4411 2239 4443 Weinheim.
2052 4442 2682 4476 Familie Th. Breiner im Namen
2051 4480 2465 4513 der Hinterbliebenen.
2016 4515 2683 4551 Die Beerdigung fand in Lauden-
2018 4552 2532 4587 bach in aller Stille statt.
2043 4620 2653 4665 Anna Fassott geb. Conrad
2016 4668 2455 4703 70 Jahre, unerwartet.
2017 4703 2660 4738 Mannheim, Schwarzwaldstr. 13.
2055 4740 2675 4774 Ludwig Kuhn und Frau geb.
2054 4774 2677 4808 Fassott; Gustav Büchner und
2054 4809 2678 4844 Frau geb. Fassott; Horst Ilgner
2053 4846 2526 4880 und Frau geb. Fassott.
2019 4880 2686 4917 Die Beerdigung hat am Dienstag,
2017 4918 2508 4951 2. 1. 1945, stattgefunden.
2164 4987 2538 5030 Heinrich Dippel
2021 5032 2682 5068 65 Jahre, unerwartet nach kurz.
2021 5071 2546 5103 Krankheit am 24. 12. 1944.
2020 5106 2587 5140 Hohensachsen a. d. Bergstr.
2055 5140 2681 5176 Frau Anna Dippel geb. Söder
2055 5175 2681 5210 im Namen aller Angehörigen.
2020 5210 2679 5246 Beerdig. fand in all. Stille statt.
2023 5282 2682 5327 Pg. Hans Körnig, Ingenieur
2021 5329 2552 5362 nach schwerer Krankheit.
2069 5362 2681 5397 Frau Else Körnig u. Angehör.
2020 5398 2686 5433 Die Beisetzung fand in all. Stille
2019 5435 2690 5474 statt. Von Besuchen itte abzus.
2022 5506 2682 5547 Heinrich Drüeke, Obermstr.
2020 5552 2686 5585 51 Jahre, unerwartet am 29. 12. 44.
2021 5587 2621 5620 Mhm.-Waldhof, Waldstraße 6.
2104 5618 2681 5655 Maria Drüeke und Tochter
2106 5658 2320 5690 Anneliese.
2023 5693 2680 5727 Beerdigung: Donnerstag, 4. Jan.,
2019 5728 2471 5765 10.00 Uhr, in Käfertal.
2215 5797 2488 5841 Anna Louis
2020 5844 2682 5881 75 Jahre, nach kurzem Leiden
2020 5882 2323 5915 am 22. 12. 1944.
2019 5915 2548 5951 Mannheim, Tullastraße 15.
2295 5949 2678 5982 Geschwister Louis.
2019 5986 2680 6021 Die Beerdigung hat in aller
2018 6021 2434 6061 Stille stattgefunden.
2099 6090 2597 6137 Hedwig Eisler Witwe
2025 6142 2677 6179 geb. Luksch, Trägerin des gold.
2017 6180 2624 6213 Mutterehrenkreuzes, 67 Jahre.
2017 6216 2677 6249 Mhm.-Neckarau, Adlerstraße 19.
2080 6249 2676 6283 Die Kinder und Enkelkinder.
2020 6287 2680 6322 Beerdigung: Donnerstag, 4. Jan.,
2017 6322 2606 6360 9.00 Uhr, Friedhof Neckarau.
2039 6391 2647 6435 Karoline Kaufmann Wwe.
2018 6438 2683 6476 geb. Ziegler, 69 Jahre, unerwartet
2020 6477 2320 6508 am 31. 12. 1944.
2018 6508 2687 6544 Mannheim, Humboldtstraße 20a -
2019 6545 2619 6581 Ludwigshafen, Jahnstraße 44.
2053 6580 2675 6615 Fritz Kaufmann; Paula Müller
2052 6614 2635 6650 geb. Kaufmann und Familie.
2020 6652 2677 6687 Beerdigung: Freitag, 5. Januar,
2018 6686 2621 6723 10 Uhr, Hauptfriedhof Mannh.
2115 6757 2583 6801 Jakob Heinrich Ege
2019 6803 2674 6838 65 ½ J., unerwartet am 31. 12. 44.
2020 6841 2639 6875 Mannh., Seckenheimer Str. 59.
2073 6874 2676 6907 Barbara Ege im Namen aller
2071 6911 2341 6944 Angehörigen.
2019 6945 2676 6981 Beerdigung: Freitag, 5. Januar,
2020 6980 2676 7018 9.30 Uhr, Hauptfriedhof Mannh.
2030 7050 2663 7097 Mina Carstens geb. Knebel
2017 7098 2671 7133 65 Jahre, unerwartet am 14. 12. 44
2016 7135 2339 7170 in Ueberlingen.
2071 7168 2677 7204 Kurt Carstens im Namen der
2071 7204 2408 7243 Hinterbliebenen.
2194 7272 2503 7320 Julius Degen
2020 7323 2680 7357 51 Jahre, unerwartet am 28. 12. 44.
2022 7360 2634 7392 Mannheim, Waldhofstraße 43b.
2099 7395 2676 7428 Gertrude Degen geb. Brühn.
2021 7429 2674 7465 Die Beerdigung fand am 30. 12.,
2020 7464 2678 7501 vorm. 11.30, in aller Stille statt.
2865 3960 3276 4002 Friedrich Wagner
2738 4011 3391 4046 Architekt, 67 Jahre, am 1. 1. 45.
2736 4047 3397 4082 Mannh., Richard-Wagner-Str. 27.
2779 4082 3403 4116 Paula Wagner für die trauern-
2775 4118 3206 4151 den Hinterbliebenen.
2746 4154 3400 4188 Bestattung: Donnerstag 9 Unr,
2739 4189 3263 4224 Hauptfriedhof Mannheim.
2915 4256 3234 4304 Traudel Wolf
2744 4308 3405 4346 2 J. 8 Mon., nach kurz. Krank-
2745 4347 3403 4381 heit am 26. 12. 44 in Rosenberg.
2742 4384 3406 4418 Mhm., Bürgerm.-Fuchs-Str. 31a.
2782 4418 3407 4452 Willi Wolf u. Frau Paula geb.
2779 4452 3298 4487 Wieland und Angehörige.
2744 4488 3404 4523 Die Beerdigung hat in Rosen-
2741 4525 3137 4560 berg stattgefunden.
2907 4595 3250 4638 Josef Schönith
2749 4647 3405 4683 Straßenb.-Oberwagenführer a. D.,
2744 4681 3411 4719 76 J., nach lang., schwer. Leiden
2744 4718 3408 4755 am 23. 12. 1944 in Waldmühlbach.
2780 4753 3410 4789 Fr. Anna Schönith geb. Baum-
2779 4789 3410 4825 gärtner; Hans Winkler u. Frau
2777 4824 3412 4862 geb. Schönith; Georg Edelbluth
2780 4857 3411 4895 u. Frau geb. Schönith; 3 Enkel
2782 4897 3220 4930 und alle Verwandten.
2745 4928 3405 4967 Beerdigung fand am 30. 12. 1944
2743 4967 3225 5003 in Waldmühlbach statt.
2860 5035 3278 5083 Christine Körner
2749 5090 3406 5127 geb. Vollweiler, 63 ½ Jahre, un-
2749 5126 3325 5159 erwartet am 1. Januar 1945.
2748 5162 3157 5196 Mannheim, L. 12, 12.
2781 5194 3403 5230 Frau Elis. Köhler geb. Körner;
2778 5228 3403 5265 Heinz Köhler u. Tochter Doris
2780 5266 3283 5304 nebst allen Angehörigen.
2748 5308 3404 5344 Beerdigung: Freitag, 5. Januar,
2747 5342 3407 5381 10.30 Uhr, Hauptfriedhof Mannh.
2876 5413 3279 5459 Friedrich Fischer
2743 5465 3402 5501 59 Jahre, nach kurzem, schwer.
2748 5504 3166 5535 Leiden am 2. 1. 1945.
2749 5537 3290 5574 Mannheim, Langstraße 16.
2781 5578 3404 5612 Frau Elisabeth Fischer; Frau
2780 5614 3404 5647 Elsa Flieger und Tochter Inge;
2782 5646 3405 5682 Frau Martha Spieß u. Tochter
2779 5686 2881 5719 Else.
2749 5725 3402 5760 Beerdigung: Freitag, 1. Januar.
2743 5760 3402 5798 9 Uhr, Hauptfriedhof Mannheim.
2837 5826 3313 5875 Friedrich Derschum
2744 5880 3402 5917 Stadtamtmann, 71 J., nach kurz.
2745 5920 3274 5952 Krankheit am 28. 12. 1944.
2743 5954 3291 5990 Mannheim, Fratrelstraße 3.
2797 5992 3402 6031 Meta Derschum geb. Wüllen-
2798 6032 2949 6066 bücher.
2744 6069 3403 6106 Die Beerdigung hat in der Stille
2739 6109 3028 6145 stattgefunden.
2799 6179 3346 6222 Anna Schüle geb. Abele
2740 6230 3399 6265 65 Jahre, unerwartet am 2. 1. 45.
2742 6266 3388 6303 Mannheim, Laurentiusstraße 18.
2774 6305 3401 6341 Julius Schüle (Gatte), Kinder,
2777 6343 3237 6378 Enkel und Verwandte.
2742 6383 3399 6418 Beerdigung: Donnerstag, 4. Jan.,
2739 6418 3395 6457 11.30 Uhr, Hauptfriedhof Mannh.
2741 6488 3396 6532 Johann Schneider, Landwirt
2739 6539 3395 6577 81 Jahre, nach langer Krankheit
2740 6581 3019 6611 am 2. 1. 1945.
2741 6613 3400 6649 Mh.-Wallstadt, Mosbacher Str. 69.
2778 6653 3394 6689 Die trauernd. Hinterbliebenen.
2742 6695 3398 6731 Beerdigung: Donnerstag, 4. Jan.,
2741 6732 3350 6766 15 Uhr, vom Trauerhause aus.
2828 6803 3306 6846 Heinrich Rohrbacher
2740 6855 3403 6889 Friseurmeister, 72 J., nach kurz.,
2737 6889 3156 6924 schwerer Krankheit.
2741 6924 3386 6961 Mhm., Dietrich-Eckart-Straße 7.
2773 6965 3398 7000 Frau Maria Rohrbacher; Hans
2776 7000 3396 7036 Rohrbacher, Studienrat (z. Z.
2776 7037 3279 7074 Wehrmacht) mit Familie.
2745 7079 3395 7114 Beerdigung: Freitag, 5. Januar,
2743 7115 3288 7150 9 Uhr, in Mhm.-Neckarau.
2858 7183 3278 7229 Marie-Luise Fleck
2741 7238 3399 7271 6 Jahre, nach langem, schwerem
2740 7274 3194 7307 Leiden am 31. 12. 1944.
2745 7310 3258 7346 Weinheim, Annastraße 9.
2777 7352 3394 7384 Adolf Fleck u. Frau; Geschw.
2776 7385 3396 7420 Ilse, Rudi u. Fritz; Fam. Karl
2775 7422 3383 7457 Beutel und alle Angehörigen.
2744 7461 3401 7499 Beisetz. fand in all. Stille statt.
3674 3908 4711 3957 AMTLICHE BEKANNTMACHUNGEN
3899 3999 4483 4050 Verkauf von Tabakwaren
3485 4050 4920 4093 I. Die Raucherkarte darf für die 71. Zuteilungsperiode (8. 1. bis 4. 2. 45
3468 4091 4778 4131 durch die Tabakwarenverkaufsstellen wie folgt beliefert werden:
3467 4133 4900 4175 Zigaretten: 20 Stück für 1 Abschnitt
3465 4175 4581 4213 Zigarren: 12 Stück zum Kleinverkaufspreis (ohne
3574 4209 4897 4249 Kriegszuschlag) bis zu 6 Pfg. einschl. für 1 Abschnitt
3563 4249 4578 4285 9 Stück zum Kleinverkaufspreis (ohne Kriegs-
3568 4285 4900 4323 zuschlag) von 7—10 Pfg. einschl. für 1 Abschnitt
3568 4323 4584 4358 6 Stück zum Kleinverkaufspreis (ohne Kriegs-
3569 4358 4899 4395 zuschlag) von 11—15 Pfg. einschl. für 1 Abschnitt
3569 4394 4582 4431 4 Stück zum Kleinverkaufspreis (ohne Kriegs-
3571 4429 4899 4467 zuschlag) von 16—20 Pfg. einschl. für 1 Abschnitt
3566 4468 4582 4503 3 Stück zum Kleinverkaufspreis (ohne Kriegs-
3571 4504 4900 4539 zuschlag) von über 20 Pfg. Für 1 Abschnitt
3468 4536 4575 4577 Rauchtabak. 50 g Feinschnitt aller Art (auch
3573 4578 4922 4615 steuerbegünstigter) für 2 Abschnitte
3572 4614 4918 4648 100 g Krüll-, Grob-, Preß- und Strangtabak für 3 Abschnitte
3573 4649 4920 4684 100 g Feinschnitt zum Kauen für 3 Abschnitte
3475 4685 4903 4719 Kautabak: 4 Rollen oder Dosen für 1 Abschnitt
3473 4722 4904 4761 Schnupftabak: 80 g für 1 Abschnitt
3509 4768 4575 4803 II. Sonderabschnitte dürfen nicht beliefert werden.
3501 4806 4924 4840 III. Die in der 71. Zuteilungsperiode eingenommenen Raucherkarten-
3471 4843 4920 4877 abschnitte und Rauchermarken sind spätestens bis zum 17. 2. 1945 bei
3473 4878 4923 4912 der zuständigen Zweigstelle unseres Amtes oder bei der Punktverrech-
3472 4914 4597 4950 nungsstelle in der vorgeschrlebenen Weise abzuliefern.
3885 4954 4923 4993 Städt. Ernährungs- und Wirtschaftsamt Mannheim.
3506 5023 4922 5065 Anträge auf Ausstellung von Bezugscheinen für Fahrradersatzberei-
3468 5063 4920 5102 fungen sind schriftlich bei der Reifenstelle im Fröbelseminar (Linden-
3471 5100 4916 5138 hofüberführung) zu stellen. Es können z. Z. nur Anträge berücksich-
3473 5138 4916 5174 tigt werden von Schwerkriegsbeschädigten und Körperbehinderten,
3473 5172 4918 5210 Schichtarbeitern, deren Weg von der Wohnstätte zur Arbeitsstätte min-
3474 5207 4920 5246 destens 3 km beträgt und die den Nachweis erbringen, daß die Schicht
3472 5245 4920 5282 in eine Zeit fällt, in der öffentliche Verkehrsmittel nicht benützt werden
3468 5281 4916 5320 Kkönnen. - Für die Anträge ist ein Vordruck zu verwenden, der bei den
3469 5316 4919 5355 Zweigstellen des Ernährungs- und Wirtschaftsamtes zu erhalten ist.
3471 5354 4919 5390 Die Angaben sind auf der Rückseite des Vordruckes vom Betriebsführer
3470 5391 4918 5429 oder Betriebsobmann bestätigen zu lassen. Anträge, die nicht ordnungs-
3471 5428 4918 5464 gemäß ausgefüllt oder bei denen die vorstehenden Voraussetzungen
3468 5463 4918 5501 nicht erfüllt sind, können nicht bearbeitet werden. Eine Benachrich-
3467 5499 4918 5536 tigung erolgt in diesen Fällen nicht. Rückfragen sind darum zwecklos.
3469 5536 4916 5572 Vom 2. bis 15. Januar 1945 und an Samstagen bleibt die Reifenstelle ge-
3467 5572 4917 5608 schlossen. Anträge auf neue Fahrräder können bis auf weiteres nicht
3468 5608 4918 5645 angenommen werden. Tel. Auskunft über die Bearbeitung der Anträge
3468 5645 4918 5683 kann nicht gegeben werden. - Städt. Wirtschaftsamt Mannheim, Treib-
3469 5683 3928 5718 stoff- und Reifenstelle.
3498 5749 4918 5789 Diphtherie-Scharlach-Schutzimpfung in Mannheim. Weitere Diphthe-
3470 5789 4917 5824 rie-Scharlach-Schutzimpfungen finden statt: Freitag, 5. 1. 45, nachm.
3470 5823 4918 5859 14.30-15.30, Niederfeld; Mittwoch, 10. 1., vorm. 8.30 Uhr, Rheinau. Kinder-
3468 5860 4916 5896 neim, nachm. 14.30-15 30 Uhr, Karl-Benz-Straße; Samstag, 13. 1., vorm.
3470 5896 4914 5932 8.30 Uhr, Feudenheim; Mittwoch, 17. 1., vorm, 9-10 Uhr. Käfertal- Süd;
3470 5934 4912 5968 Mittwoch, 24. 1., vorm. 9-10 Uhr, Seckenheim, Schule; Freitag, 26, 1.,
3469 5968 4915 6006 vorm. 10.30-11.30 Uhr, Friedrichsfeld, Schule; Mittwoch, 31. 1., vorm.
3470 6002 4917 6043 9 Uhr, Sandhofen. - In den Bunkern finden die Impfungen in den
3469 6040 4414 6084 Sanitätsräumen stätt. Staatl. Gesundheitsamt.
3503 6113 4921 6148 Amtsgericht BG. 8. Durch Ausschlußurteil vom 8. September 1944 wur-
3466 6148 4918 6183 den folgende Urkunden für kraftlos erklärt: Spareinlagebücher Nr. 2229
3469 6186 4920 6219 und 2217 bei der Deutschen Bank, Fillale Mannheim, Depositenkasse am
3468 6221 4915 6255 Marktplatz, lautend auf den Namen Frl. Gertrud Hubert. Mannheim,
3468 6258 4761 6293 S 2, 15a. Mannheim, den 22. Dezember 1944. Amtsgericht BG. 8.
3503 6327 4916 6365 Ladenburg. Die Lebensmittel-, Haushaltsausweise für Frischmilch-
3471 6364 4915 6400 und Vollmilchkarten für die Zeit vom 8. 1. bis 4. 2. 1945 werden in nach-
3468 6401 4918 6437 folgender Reihenfolge im Wirtschaftsamt - Domhof - ausgegeben: Am
3468 6436 4914 6473 Freitag, 5. Jan. 1945, von 8-10 Uhr von A-G. 10-12 Uhr von H-M. von 14
3466 6472 4915 6509 bis 16 Uhr von N-S. von 16-18 Uhr von Sch-Z. Die empfangenen Lebens-
3466 6510 4915 6545 mittelkarten sind sofort im Ausgaberaum nachzuprüfen. Spätere Rekla-
3465 6546 4913 6582 mationen werden nicht berücksichtigt. Die vorgeschriebenen Abhol-
3466 6583 4915 6618 zeiten sind genau einzuhalten. Die Bestellscheine der Haushaltsausweise
3468 6617 4752 6659 für Milch sind sofort an den Händler abzugeben. Kartenstelle.
3500 6688 4912 6725 Lützelsachen. Sonntag, 7. Jan. 1945, wird vorm. von 9.30-12.00 Uhr im
3467 6725 4913 6762 Rathaus der Familienunterhalt ausbezahlt. Bei Nichtabholung des Gel-
3468 6762 4719 6798 des erfolgt gebührenpflichtige Zustellung. Der Bürgermeister.
3500 6831 4911 6871 Großsachsen. Donnerstag, 4. Jan. 1945, werden von 14-17 Unhr nachm.
3463 6871 4738 6911 die neuen Lebensmittelkarten ausgegeben. Der Bürgermeister.
3501 6936 4915 6978 Schwetzingen. Die Ausgabe der Lebensmittelkarten für die 71. Zutei-
3465 6976 4912 7014 lungsperiode vom 8. Jan. bis 4. Febr. 1945 erfolgt Donnerstag, 4. Jan., und
3464 7013 4911 7050 am Freitag. 5. Jan., in den gleichen Räumen u. Reihenfolge wie bisher.
3467 7050 4911 7087 Auskünfte über Hausschlachtungen werden nur vom Wirtschaftsamt
3467 7085 4908 7124 der Stadt Schwetzingen erteilt, nicht in der Wohnung des Fleisch-
3468 7120 4112 7159 beschauers. Der Bürgermeister.
3499 7201 4909 7242 Ketsch. Die Ausgabe der Lebensmittelkarten (71. Zuteilungsperiode)
3467 7241 4904 7278 findet Freitag. 5. Jan. 1945, im Rathaus - Kartenausgabestelle - Zimm. 7,
3465 7277 4911 7314 zu folgenden Zeiten statt: Vorm. 8-9 Uhr, an A, B, C, D. E, vorm, 9 bis
3467 7313 4908 7350 10 Uhr. an F, G. H. vorm. 10-11 Uhr, an J, K. L, vorm. 11-12 Uhr, an
3464 7348 4906 7386 M. N, O. P; nachm. 2-3 Uhr. an R, S. Sch. nachm. 3-4 Uhr, an St, T, U,
3462 7388 4910 7421 nachm. 4-5 Uhr, an V, W, Z. Die Krankenzusatzkarten werden in der
3465 7421 4912 7458 gleichen Zeit verausgsabt. - Die Ausgabe der Mahlkarten erfolgt Mon-
3469 7457 4908 7499 tag. 8. Jan., vorm. 9-12 Uhr, an A-P; nachm. 2-5 Uhr, an R-Z. Der Bür-
3464 7493 4154 7536 germeister - Kartenausgabestelle.
5093 3896 5518 3944 FILMTHEATER
4945 3977 5679 4020 Ufa-Palast, N 7, 3. Tägl. 12.00, 2.00,
4974 4016 5664 4053 4.00, 6.10 Uhr: „Die Frau meiner
4982 4053 5264 4089 Träume“. ***
4948 4085 5667 4125 Ufa-Schauburg, Breite Str. Täglich
4976 4126 5658 4161 ab 1.00 Uhr durchgehend: „Seiner-
4981 4162 5470 4195 zeit zu meiner Zeit“. **
4945 4195 5662 4233 Pali-Tageskino (Palast-Lichtspiele).
4978 4235 5664 4269 „Der Mustergatte“. *** Beginn:
4978 4272 5541 4305 11.00, 1.00, 3.15 und 5.25 Uhr.
4947 4306 5663 4341 Capitol, Waldhofstr. 2. Vom 2. bis
4979 4345 5659 4379 4. Januar. Beginn 15.10, 17.00, 19.00.
4982 4379 5285 4414 „Damals“. ***
4947 4415 5661 4452 Lichtspielhaus Müller, Mittelstr. 41.
4982 4452 5659 4487 Bis einschl. Donnerstag 2.50, 4.55
4981 4487 5588 4521 und 6.45 Uhr: „Operette“. ***
4952 4522 5672 4557 Odeon-Lichtspiele, G 7, 10. Bis Don-
4979 4560 5662 4595 nerstag: „Die Nacht in Venedig“.
4984 4593 5442 4628 ** 15.00 und 17.00 Uhr.
4949 4629 5661 4665 Apollo, Weinheim. „Der Majorats-
4978 4666 5667 4700 herr“. ** 2.45, 4.45, 7.00. Ab Frei-
4986 4701 5669 4737 tag: „Am Abend auf der Heide“.
4951 4735 5661 4772 Modernes Theater, Weinheim. „Die
4981 4772 5661 4806 Liebeslüge“. ** 2.45, 4.45 und 7.00.
4984 4806 5629 4844 Ab Freitag: „Junge Herzen“. **
4986 4886 5610 4934 GESCHÄFTL. MITTEILUNGEN
4951 4961 5663 5000 Zweite Anordnung zur Sicherung
4987 5001 5663 5036 der Ordnung in den Betrieben
4982 5037 5664 5071 vom 23. 9. 44. Die bestellten und
4981 5072 5663 5106 weitere Exemplare können in der
4984 5107 5657 5141 HB-Geschäftsstelle, R 1, 1, am
4985 5142 5662 5177 Marktplatz, bei gleichz. Bezahlg.
4983 5178 5660 5215 abgeholt werden. (Stück 15 Pfg.,
4983 5215 5371 5248 ab 6 Stück 10 Pfg.)
4952 5250 5662 5284 A. Armbruster, Metzgerm., T 4a, 7.
4980 5284 5665 5321 Mein Geschäft bleibt weg. Krank-
4985 5320 5554 5355 heit einige Zeit geschlossen.
4949 5355 5667 5392 Allgem. Wegweiser. Die Geschäfts-
4980 5390 5665 5426 stelle befind. sich Rupprechtstr. 6.
4949 5425 5667 5463 Miederhaus Sophie Beck, Spezial-
4983 5464 5667 5499 geschäft für Miederwaren, ab
4982 5499 5665 5537 5. Januar 1945 in Mannheim, O 7, 2
4985 5533 5463 5571 (zwischen O 6 und O 7).
4949 5568 5658 5608 Firmenschilder, Plakate usw. liefert
4982 5605 5660 5643 Hermann Page, Reklamemalerei,
4980 5642 5462 5676 H 6, 14, Ruf Nr. 524 33.
4949 5675 5663 5715 Obstbaum Karbolineum in 5 - kg-
4982 5711 5659 5751 Kannen liefert Pfähler, Neckarau,
4981 5748 5446 5788 Neckarauer Straße 97.
5060 5828 5559 5877 VERSCHIEDENES
4949 5901 5665 5941 Schäferhund, langhaar., mit leicht.
4984 5939 5663 5978 Grau, aut „Tyrras“ hör., am 15.
4979 5976 5660 6012 Dezbr. entlaufen. Rückgabe an:
4981 6010 5662 6051 Schäfer Karl Kipphan, z. Z. Groß-
4978 6046 5479 6081 sachsen, Lettengasse 223.
4952 6080 5665 6121 Airedale-Hündin am 1. 1. Käfertal
4980 6117 5662 6158 entlaufen. Nachricht erb. unter
4979 6153 5270 6197 Ruf Nr. 507 85.
5141 6231 5460 6282 VERLOREN
4951 6311 5656 6351 Am 26. 12. im Universum (Kasse)
4979 6349 5669 6387 ein gold. Medaillon (Andenken)
4978 6384 5664 6420 verlor. Bitte Nachr. u. Nr. 18 B.
4945 6417 5661 6458 Zeichenmappe mit Original-Zeugn.
4980 6456 5657 6492 u. Bauplänen am 19. 12. an der
4980 6490 5657 6530 Friedr.-Brücke verloren. Abzug.:
4978 6526 5641 6564 Gartenstadt, Margueritenweg 24.
4946 6560 5661 6599 Brieftasche mit wicht. Inhalt am
4979 6597 5658 6635 30. 12. verloren. Abzugeben bei
4975 6631 5435 6669 Rohlfs, Mittelstraße 97.
4945 6668 5659 6709 Kupferfarb. Damenweste Neujahrs-
4976 6704 5655 6744 abend zw. 6-7 Uhr von Lange-
4973 6738 5654 6778 rötterstraße 23 durch Melchiorstr.
4974 6775 5656 6814 zur Karl-Benz-Str. verlor. Abzug.
4974 6810 5619 6847 bei Werner, Langerötterstr. 23.
4942 6846 5656 6883 Recht. Fausthandschuh, weiß-schw.
4975 6883 5653 6920 mit 2 Sternen, zw. H 4 und J 5
4974 6919 5651 6955 verlor. Abzug. bei Lutz, H 4, 14.
4941 6953 5652 6990 Goldene Da.-Armbanduhr von Ufa-
4970 6988 5650 7026 Palast bis Luzenberg verloren.
4977 7026 5649 7064 Abzug.: Untere Riedstr. 10, 3. St.
5110 7093 5477 7143 TIERMARKT
4942 7172 5647 7215 2 Schlachthühner gg. jg. Leghünner.
4973 7211 5649 7252 ✉ u. Nr. 250 137 an HB Weinneim.
4940 7247 5652 7287 2 jg. Hunde, kl. Rasse, zu kf. ges.
4968 7283 5651 7321 ✉ u. Nr. 250 128 an HB Weinheim.
4940 7320 5648 7357 Deutsche Doggenhün un, gestromt,
4967 7353 5649 7395 20 Mon., zu verk. Hock, Feuden-
4970 7389 5546 7426 heim. Wallstadter Straße 67.
4940 7425 5647 7464 Rottweiler-Hund fürs Land zu kfn.
4969 7462 5646 7501 gesucht. Preisangeb. an Fellhauer,
4965 7497 5580 7542 Käfertal, Starke Hoffnung 36.
