5932 8061
878 312 2969 478 Pferde der Pußta / Erzählung von Rudolf Berger
906 503 932 541 1
471 552 1406 607 Als der Major sich zurückgezogen hatte,
426 596 1404 649 lockerte sich bald das Bild, das bis dahin
421 645 1406 697 so gewesen war, wie wir es bei fast allen
414 686 1400 745 Einquartierungen anfangs beobachtet hat-
421 734 1408 790 ten. Das, was uns ungeladene Gäste von
418 780 1405 837 der Familie des Gutsherrn trennte, wurde
418 826 1402 881 überbrückt; Leutnant Failer spielte Klavier
415 877 1400 930 und sagte den Damen seine Liebenswürdig-
416 918 1402 975 keiten, die wir schon längst kanmten, die
414 968 1398 1022 aber auch diesmal zwar scherzhaft abge-
413 1014 1400 1068 wehrt und schließlich doch geglaubt wur-
410 1058 1403 1112 den; Siegerth zeichnete die Karikatur des
411 1103 1401 1158 kahlköpfigen Dieners, aus dessen scheinbar
405 1151 1400 1206 unbeweglichem Gesicht nur dann die Starre
407 1197 1401 1250 wich, wenn er mit einem unsagbar wehen
406 1242 1401 1296 Lachen wieder eine Weinflasche entkorkte;
410 1292 1401 1342 und der Rittmeister von Glahé erzählte das
409 1333 1397 1387 Ende seiner Stute Senta, die, um ihn vor
407 1380 1397 1432 der Kugel zu schützen, sich noch einmal
404 1429 1395 1478 aufbäumte zur Pesade und so den Schuß
404 1475 1398 1524 auffing mit ihrem Körper. Einige Augen-
403 1517 1397 1570 blicke lang war es ganz still in dem groben
405 1562 1395 1616 Raum; dann spielte der Leutnant leise das
404 1608 1393 1662 Reiterlied vom Prinzen Eugen, und man be-
405 1658 1395 1707 gann, die Geschichten berühmter Pferde zu
401 1702 609 1749 erzählen.
448 1761 1393 1810 Als auch der Gutsherr langsam und mit
400 1802 1391 1858 leichtem ungarischen Akzent noch Episo-
402 1850 1391 1902 den aus dem Dasein seiner Lipizzaner be-
402 1897 1391 1949 richtet hatte, lud seine Nichte Angela uns
399 1944 1395 1996 ein, ihr in ein anderes Zimmer zu folgen,
401 1992 1393 2038 um dort das Bild des Hengstes Narziß zu
396 2036 551 2084 sehen.
431 2092 1389 2142 Failer, von Glahé und ich folgten der
402 2141 1388 2189 schmalen, hellgekleideten Gestalt durch die
397 2186 1387 2232 dunklen, mit Jagdtrophäen geschmückten
399 2230 1386 2279 Gange, und wir wollten einen schmalen
397 2276 1383 2328 Raum durchqueren, als, uns unvermutet,
394 2325 1386 2372 von Glahe vor einem Bild stehen blieb und
398 2368 1245 2417 Angela um dessen Bedeutung fragte.
443 2417 1382 2461 „Man hat es „Die heiligen Pferde der
391 2459 1381 2507 Pußta“ genannt,“ sagte scheinbar leicht-
392 2504 1386 2555 hin das Mädchen, und eine zu hastige
393 2551 1379 2604 Handbewegung forderte uns auf, weiterzu-
393 2600 543 2643 gehen.
435 2645 1377 2693 „Eine Legende?“, erkundigte ich mich,
392 2693 1381 2739 wie um von Glahé zu entschuldigen, der,
394 2739 1383 2785 uns den Rücken kehrend und nicht mehr
390 2781 1381 2829 beachtend, immer noch vor dem gewiß selt-
392 2828 1382 2876 samen Bild stand, das, als sei es auf einem
388 2874 1380 2922 Hügel gemalt, uns auf eine Gruppe dunkler
389 2919 1378 2966 Pferde hinuntersehen ließ, die ein im Gras
390 2965 1112 3013 kauerndes Mädchen umringten.
428 3013 1376 3060 „Nein, es ist keine Legende“, sagte An-
384 3059 1377 3105 gela und stellte sich so, daß ihr Gesicht im
384 3103 1377 3151 Schatten und uns beinahe unsichtbar war.
426 3150 1376 3198 „Vor etwa zwanzig Jahren soll es ge-
387 3197 1380 3244 schehen sein,“ berichtete nun von Glahé;
386 3243 1369 3288 „in der Abenddämmerung kam ein Mäd-
383 3289 1373 3335 chen zu den Pferden, und die Hirten zogen
383 3333 1373 3380 die Hüte, denn es war die Tochter des
385 3379 1374 3425 Herrn. Es bat einen der Hirten, den Wa-
382 3429 1373 3473 gen zurückzufahren, und die anderen, bei
381 3473 1375 3519 den Stuten bleiben zu dürfen. Und die
382 3516 1372 3564 Hirten sagten „Ja“, weil sie wußten, daß
382 3563 1370 3609 Agatha Mutter werden sollte, dah ihr Va-
383 3611 1373 3658 ter, seit er es ahnte, nicht mehr gesprochen
378 3655 1368 3702 hatte mit ihr, und daß sie einsam geworden
380 3704 1371 3748 war. Und sie dachten, Agatha sei zu den
379 3746 1368 3794 Pferden gekommen, weil der, dessen Kind
377 3794 1367 3841 sie gebären solte, die Pferde geliebt hatte
382 3840 1367 3886 und gestorben war, als er versuchte, einem
383 3886 1370 3930 Pferde das Leben zu retten. Und sie mach-
380 3929 1366 3979 ten ein Feuer, an das sie Agatha brachten,
374 3978 1367 4023 und einer legte seine Pelzjacke über ihre
373 4021 1367 4069 Schultern. Erst als es Nacht war und
372 4068 1367 4116 Agatha sie aufforderte, ins Lager zurückzu-
375 4113 1295 4163 kehren, zogen sie ihre Hüte und gingen.
421 4160 1367 4206 Am frühen Morgen, als der Mond noch
371 4207 1365 4254 wie eine grüne Lampe über der Ebene
372 4254 1365 4300 stand, wurden die Hirten geweckt vom
374 4297 1361 4343 Wiehern der Stuten. Sie eilten hin und
373 4345 1356 4391 fanden Agatha, umringt von den Pferden,
372 4392 1363 4436 den Kopf gebettet auf den warmen Hals
370 4437 1361 4481 einer trächtigen Stute, und in die Pelz-
373 4483 1361 4530 jacke eingehüllt lag vor ihr das Kind, das
372 4532 1290 4583 sie geboren hatte, als der Tag anbrach.
1482 510 2422 563 Einer sprang aufs Pferd und jagte zum
1439 559 2421 606 Gutshof; doch der Herr sagte nur, seine
1435 602 2421 652 Tochter habe Schande gebracht über die
1437 652 2421 698 sanze Familie, und er ritt hinaus in die
1436 695 2418 747 Pußta, um Agatha zu züchtigen Aber als
1435 741 2416 793 er hinkam, wo die Hirten das Feuer wie-
1437 787 2418 837 der entfacht hatten umringten die trächti-
1434 837 2418 883 gen Stuten Agatha und das Kind wie eine
1432 880 2418 930 schützende Mauer; und als der Herr sie
1432 928 2413 979 auseinandertreiben wollte mit seiner Peit-
1431 973 2412 1025 sche keilten sie aus, so daß er, ohne Agatha
1433 1020 2417 1073 gesehen zu haben, zurückkehrte auf seinen
1433 1065 1533 1109 Hof.
1471 1111 2411 1163 So wurde mir die Geschichte von den
1429 1156 2413 1208 heiligen Pferden der Pußta erzählt. Als
1431 1202 2410 1255 ich dieses Bild sah, erinnerte ich mich
1428 1252 1578 1292 an sie
1468 1295 2410 1351 „Was geschah mit Agatha und ihrem
1428 1341 1857 1386 Kind?“ fragte ich.
1469 1390 2413 1436 „Der Bruder ihres Vaters nahm sie auf
1427 1434 2413 1484 seinen Besitz Sie hat nicht mehr lange
1431 1481 2406 1527 gelebt. Dem Kind, es war ein Mädchen,
1426 1527 2411 1573 das der schon alternde Mann liebte, als
1427 1572 2409 1621 wäre es sein Kind, gab er, weil er es sei-
1424 1621 2270 1663 nen Engel nannte, den Namen . . .“
1472 1663 2403 1711 Von Glahé, plötzlich auf Angela blickend,
1421 1710 2406 1758 schwieg. Und wir sahen das Sichneigen
1423 1754 1872 1800 des Mädchenkopfes.
1468 1800 2408 1847 Vergebens versuchte Failer ein befreien-
1424 1847 1999 1891 des Scherzwort zu finden.
1468 1893 2405 1943 Das Mädchen sagte: „Dem Kind gab er
1420 1937 1898 1982 den Namen Angela.“
1894 2036 1928 2074 2
1464 2091 2402 2138 Ein starker Flankenvorstoß des Feindes
1420 2138 2401 2184 zwang uns, die Schwadron zu verlegen. Der
1419 2182 2401 2229 Abmarsch sollte kurz vor Mitternacht be-
1419 2227 1577 2269 ginnen.
1460 2284 2401 2333 Failer, der sich seit Tagen um Angela be-
1418 2334 2399 2381 müht hatte, stand am Fenster des Zimmers,
1416 2377 2046 2420 das er und ich bewohnten.
1457 2427 2397 2470 „Ein Gewitter zieht herauf,“ sagte er,
1414 2471 2398 2516 ohne sich nach mir umzuwenden, „und An-
1413 2518 1888 2562 gela ist ausgeritten.“
1461 2573 2400 2620 Während ich meine Sachen packte, dun-
1412 2620 2398 2666 kelte es rasch; die Hirten stießen die brei-
1415 2667 2401 2711 ten Tore auf, um die Schafe in den Hof
1413 2714 2399 2758 zu treiben, und dann wurden auch die Stu-
1415 2760 2396 2804 ten gebracht. Schon zuckten grelle Blitze.
1457 2806 2398 2850 „Sie ist nach Westen geritten. Sie wußte
1409 2852 2399 2895 noch nicht, daß wir schon in dieser Nacht
1408 2898 2073 2940 abmarschieren,“ sagte Failer.
1455 2940 2394 2988 Dann wurde dem Leutnant gemeldet, daß
1408 2988 1987 3034 sein Pferd gesattelt war.
1456 3035 1980 3076 „Du reitest jetzt aus?“
1451 3080 2391 3126 „Ich muß Angela suchen,“ antwortete er.
1454 3128 2393 3172 „Sie wird in einer Hütte Schutz finden.“
2486 521 3419 578 Er schnallte um, ging, ohne zu grüßen.
2451 568 3423 623 Ein Windstoß fegte den Blütensamen der
2450 615 3423 669 Fensterblumen weg. Failer ging über den
2450 661 3420 714 Hof. Die Mauern entlang verfolgten ein-
2444 711 3422 761 ander große graue Katzen. Ein Hengst riß
2447 755 3419 807 sich los, bäumte sich hoch vor den Stuten.
2449 802 3424 853 Das Tor wurde geöffnet und Angela ritt
2449 848 3420 899 ein. Failer lief ihr entgegen, hielt ihr Pferd.
2447 894 3418 946 Sie wehrte ihn ab, floh, gefolgt von ihrem
2447 943 3420 993 Pferd. Ihr gelang noch aufzusitzen; dann
2444 991 3421 1038 jagte sie durchs offene Tor hinaus in die
2444 1038 3401 1084 Pußta, verfolgt von Failer, der seinen Rap
2445 1085 3079 1130 pen mit der Peitsche trieb.
2485 1140 3422 1187 „Die Pferde haben Agatha und das be-
2445 1187 3420 1233 schützt, was die Liebe in ihr schuf,“ hatte
2444 1233 3419 1278 Failer einmal gesagt, „denn sie wissen um
2442 1278 3420 1326 das Geheimnis der Liebe. Und sie werden
2442 1327 3419 1370 auch Angela beschützen, wenn sie ihrer
2442 1371 2759 1414 Hilfe bedarf.“
2483 1423 3416 1473 Der Major befahl mich in sein Zimmer.
2443 1475 3418 1519 Er gab mir die nötigen Anweisungen über
2442 1520 3418 1566 den neuen Standort der Schwadron und
2439 1569 3418 1611 meines Zuges, der der anderen auf Um-
2442 1615 3420 1657 wegen im Morgengrauen folgen sollte, um
2441 1658 3416 1702 den Feind solang als möglich über unsere
2439 1704 3238 1748 Bewegungen im unklaren zu lassen.
2482 1762 3415 1806 Ein Blitz schlug in die hohen Pappeln
2437 1808 3416 1851 ein, die vor der Mauer standen. Angstvoll
2438 1856 3414 1898 wiehernd drängten die Stuten zum Tor, jag-
2440 1901 2914 1944 ten hinaus ins Freie.
2478 1958 3413 2001 Kurz vor Mitternacht, wenige Augen-
2437 2002 3414 2045 blicke vor dem Abmarsch kam Failer zu-
2432 2051 3415 2091 rück. Seine Hand blutete. Ich wusch die
2436 2094 3375 2137 Wunde aus und legte einen Verband an.
2473 2142 3416 2184 „Es waren die heiligen Pferde der
2432 2187 3411 2229 Pußta,“ sagte er, und ich bemerkte, daß
2428 2234 3414 2276 er sich bemühte, jenen etwas spöttischen
2430 2279 3414 2322 Tonfall wiederzufinden, den er so liebte an
2433 2325 3412 2367 sich. „Die Stuten waren aus dem Hof
2432 2372 3415 2414 ausgebrochen. Als ich Angela, deren Spur
2432 2417 3414 2462 ich verloren hatte, endlich fand, umringten
2432 2463 3411 2507 die Pferde sie plötzlich so, wie sie einst
2429 2508 3412 2553 ihre Mutter geschützt hatten und sie lie-
2434 2556 2993 2600 ßen mich nicht zu ihr.“
2476 2610 3414 2656 Unten im Hof standen schon die gesattel-
2433 2659 3411 2702 ten Pferde. In die Einfahrt hatte der
2433 2705 3412 2749 Gutsherr Gläser bringen lassen, um dort
2425 2753 3160 2797 den Abschiedstrunk anzubieten.
2475 2808 3411 2853 „Ein Gut ohne Liebe - es ist gut, daß
2429 2857 3413 2899 wir den Standort wechseln!“, versuchte Fai-
2427 2901 2795 2944 ler zu scherzen.
2470 2948 3410 2990 Dann standen sie unten ihm Hof, saßen
2424 2996 3409 3037 auf. Der Gutsherr trank ihnen zu, aber
2428 3040 3411 3083 Angela war nicht bei ihm. Dann ritten sie
2426 3087 3411 3130 schweigend durchs Tor, hinaus in die nacht-
2428 3134 2798 3177 schwarze Pußta.
2026 3228 3821 3354 Ueber die Heimat / Von Alfred Petto, Saar
1451 3383 2388 3431 Als ich noch die Geißen hütete zwischen
1409 3432 2388 3477 dem Rand der Stadt und dem großen Wald,
1406 3478 2390 3525 lag ich zeitweilig still im Gras und dachte
1406 3527 2389 3572 mir allerhand Geschichten aus, über meine
1406 3570 2389 3615 drei Ziegen, die nicht fraßen und, sobald
1408 3616 2385 3665 ich sie heimführen wollte, mit den Köpfen
1402 3665 2386 3710 nach oben schnappten, über die Leute, die
1407 3710 2393 3757 des Weges kamen, oder über den alten
1408 3756 2396 3802 schweifbeinigen Flurschütz Peters und sei-
1408 3803 2398 3850 nen schlimmen Hund. Gern stieg ich auf
1408 3847 2392 3896 die alte, zerzauste Eiche, die inmitten der
1410 3895 2391 3943 Wiesen stand, nistete mich wie ein Vogel
1406 3940 2395 3989 in das windbewegte Astwerk, stützte das
1404 3988 2395 4036 Kinn in beide Fäuste und blickte neugierig
1407 4034 2389 4082 umher. Ich sah die graue Stadt mit ihren
1406 4078 2392 4129 Dächern und Türmen, sah die waldigen
1405 4122 2391 4175 Höhen fern im goldenen Dunst, dort wo die
1404 4171 2388 4220 Schlacht bei Spichern geschlagen worden.
1403 4219 2389 4268 sah die rauchenden Kamine der Hütte und
1406 4264 2389 4313 die Waberlohe ihrer Feuer. Und ich hörte
1404 4310 2385 4360 die Züge rollen die nordwärts zur Mosel
1405 4357 2390 4407 fuhren und weiter bis zum Rhein und ans
1403 4403 2387 4454 Meer. Und auch die anderen hörte ich. die
1400 4451 2385 4502 westwärts fuhren, nach Metz und nach
1399 4494 1853 4541 Frankreich hinüber.
1438 4540 2384 4597 Dann, als ich älter geworden und die
2431 3389 3412 3435 schwarze Mütze trug, sollte ich einmal
2431 3438 3413 3480 einen Aufsatz über unsere Stadt und ihre
2433 3482 3409 3528 Umgebung schreiben, nicht für die Schule,
2431 3530 3414 3575 sondern für meinen großen Freund Michel,
2433 3575 3412 3620 den Eisenbahnschlosser, der vor der Prü-
2432 3620 3412 3664 fung zum Lokomotivheizer stand. Der
2433 3667 3409 3713 Michel wollte genau wissen, daß man auch
2430 3715 3410 3761 von ihm einen solchen Aufsatz verlangte,
2434 3760 3412 3805 wie in der letzten Prüfung. Und darum
2429 3806 3410 3853 sollte ich ihm ein paar Worte aufsetzen,
2428 3851 3408 3901 schöne und womöglieh gescheite Worte,
2432 3898 3409 3946 doch nicht allzu viele, er muſte sie ja aus-
2430 3945 2773 3989 wendig lernen.
2472 3998 3408 4050 Ich machte mich auch daran, doch da er-
2430 4047 3407 4097 wies es sich, daß mir die Worte fehlten,
2430 4093 3409 4143 und schon gar die gescheiten und schönen,
2429 4139 3407 4188 und daß es also nicht ging. Ich sagte mir,
2428 4188 3408 4235 wer etwas Gescheites aufschreiben will,
2428 4232 3409 4281 muß erst etwas Gescheites wissen. Ich las
2429 4279 3407 4326 nun in den Büchern, die unsere Heimat
2427 4324 3409 4374 schilderten las von der Schönheit ihrer
2424 4367 3408 4420 Städte und Dörfer, dem Lauf der Bäche und
2428 4415 3406 4466 Flüsse, der Sprache der Menschen, ihrem
2428 4460 3407 4513 Fleiß und ihrer Treue und den ruhmreichen
2429 4507 3402 4561 Taten in ihrer wechselvollen Geschichte.
2428 4553 3406 4611 Und ich las die vielen gruseligen Sagen
3447 3386 4436 3435 von weißen Jungfrauen, von Berggeistern
3447 3433 4433 3479 und vergrabenen Schätzen. Ich las die
3448 3478 4436 3526 schnurrigen Geschichten vom Klosterhannes
3448 3527 4437 3572 und vom Pfifferjakob, jetzt aber gelang es
3446 3572 4433 3617 mir noch viel weniger, ich mußte den
3448 3619 4436 3665 Michel enttäuscht in die Prüfung gehen
3446 3669 3600 3710 lassen.
3495 3710 4435 3757 Und später kam eine Zeit, da wanderte
3448 3756 4436 3802 ich in freien Stunden wegauf, wegab durch
3448 3803 4438 3848 die Dörfer und Wälder meiner Heimat, und
3449 3851 4439 3894 das nicht immer allein. Ich streifte am
3449 3898 4436 3941 Lauf der Bäche entlang, fuhr auf ihren be-
3448 3943 4436 3989 wegten Wassern, stieg auf Berg und Burg,
3447 3991 4434 4032 und abends saß ich an manchem sand-
3444 4031 4437 4081 gescheuerten Tisch, bei Tabakgewölk und
3445 4081 4436 4127 witzigem Geplauder. Ich stand erschrocken
3448 4129 4435 4172 vor den heißen Feuerschlünden der Hoch-
3446 4175 4437 4219 öfen und fuhr in sausender Schale unter
3447 4221 4434 4263 Tag, dorthin, wo die Männer auf den
3449 4267 4438 4309 Knien rutschten und die Kohle schrämten
3447 4313 4437 4356 und hereinbrachen. Und abermals vergrub
3450 4360 4432 4402 ich mich in die Bücher über unser Land,
3450 4408 4439 4449 las in den Linien ihres herben Antlitzes
3449 4452 4437 4495 über Vergangenes und Gegenwärtiges, über
3449 4498 4438 4540 ihr Innerstes, ihre Seele. Und viele Zeit
3445 4546 4436 4588 darauf begann ich nun doch von ihr zu
3446 4594 4434 4633 schreiben, von dem alten Eichbaum und
3444 4639 4435 4680 meinen drei Geißen, über die Leute, die
3446 4684 4438 4729 des Weges gekommen, über alles, was ich
3445 4728 4435 4774 damals erdacht und erblickt hatte und was
3446 4777 4432 4820 ich dazugesehen. Das war, als ich nun
3442 4823 4432 4866 Tag für Tag in der Schreibstube hockte und
3441 4871 4433 4913 nicht mehr im winddurchwühlten Geäst.
3443 4914 4438 4959 Und ich schrieb nun gleich ein ganzes Hun-
3442 4961 4432 5005 dert Blätter voll, diesmal freilich nur für
3438 5008 4433 5051 mich. Meinem großen Freund Michel hät-
3440 5055 4432 5099 ten sie in seiner Prüfung schwerlich etwas
3441 5101 4429 5145 nützen können, er fuhr nun auch schon
3440 5146 4432 5193 lange auf den Schnellzügen zum Rhein oder
3440 5194 4034 5235 nach Frankreich hinüber.
3483 5237 4424 5284 So fand ich es immer besonders an-
3437 5284 4431 5330 ziehend, wenn einer über meine Heimat
3435 5333 4432 5377 schrieb, obwohl ich sah, daß man solche
3438 5377 4426 5426 Leute stets ein wenig nachsichtig behan-
3438 5423 4428 5471 delte, sozusagen ein bißchen von oben
3440 5469 4434 5517 herab, weil er nach Ansicht der Leute zu-
3433 5517 4425 5564 viel Gewese machte mit etwas, was man
3435 5560 4432 5608 doch selber kannte und stündich vor Au-
3432 5609 4396 5656 gen sah, mit einer Selbstverständlichkeit.
3479 5654 4423 5703 Aber ein jeder denke ich, muß wohl tun,
3434 5702 4429 5748 was er muß und wie er es kann und ver-
3435 5745 4423 5795 steht und wer von den selbstverständlich
3434 5793 4420 5842 scheinenden Dingen seiner Heimat erzählt,
3436 5839 4424 5887 tut es wohl nur darum weil er sich auf
3428 5883 4425 5935 sie am meisten versteht. Und auch, weil er
3430 5930 4427 5980 die Heimat liebt, den engen und von Kind-
3427 5976 4427 6027 heitserinnerungen bewohnten Raum inmit-
3430 6021 4424 6075 ten der weiten Welt, worin er die ersten
3429 6067 4425 6122 Schritte erprobte und die ersten Worte
3429 6114 4425 6166 lallte. Den Raum, der das Gesetz seines
3427 6160 4228 6210 Lebens und Schaffens umschließt.
3456 6260 4418 6312 Ein Norweger kann sich rühmen, die größte
3419 6309 4421 6361 Postkartensammlung der Welt zu besitzen. Er
3417 6354 4414 6407 begann eigentlich im Jahre 1901 zu sammeln.
3418 6400 4415 6453 Im Jahre 1940 hatte er eine Sammlung von
3414 6446 4417 6500 10 000 verschiedenen Karten. Heute besteht die
3415 6494 4414 6546 Sammlung aus 25 000 Stück und ist zweifellos
3416 6539 3873 6586 die größte der Welt.
3452 6598 4409 6649 Auf einer Tagung des norwegischen Kultur-
3413 6644 4415 6696 things wurde auch die Frage des Fotografie-
3411 6693 4407 6742 rens und Abschreibens der Kirchenbücher des
3411 6736 4407 6788 Landes behandelt. Es besteht die Absicht, nach
3411 6787 4409 6835 und nach von sämtlichen norwegischen Kir-
3411 6831 4408 6883 chenbüchern fotorafische Reproduktionen an-
3410 6879 4405 6930 zufertigen. Die jetzt in den Kirchen vorhande-
3408 6925 4401 6974 nen Kirchenbücher stammen etwa aus der Zeit
3410 6971 4399 7021 um 1850. Mit Hilfe der Fotografien will man
3411 7019 4398 7071 diese für die Ahnenforschung wesentlichen
3412 7065 3937 7112 Aufzeichnungen sichern.
3444 7122 4406 7172 Der Kärntner Maler Professor Franz Zie-
3409 7169 4403 7221 gele ist einem Terrorangriff zum ge-
3407 7215 3538 7255 fallen.
3441 7270 4402 7323 Unter Hermann Abendroth spielten die Ber-
3407 7319 4402 7370 liner Philharmoniker im Admiralspalast.
3405 7365 4400 7416 Berlin, Paul Graeners „Salzburger Serenade“,
3403 7413 4395 7465 die Zweite Sinfonie von Johannes Brahms und
3403 7459 4395 7510 das Konzert für zwei Klaviere mit Astrid und
3402 7507 4292 7557 Hans-Gtto Schmidt-Neuhaus als Sollsten.
370 4642 1358 4706 Vom Wunder unserer Muttersprache
601 4726 2161 4866 Ist die deutsche Sprache schön? /
2180 4760 3161 4819 Worte, die wir vergessen haben.
2193 4816 2873 4865 - Woher der „Bunker“?
409 4877 1354 4929 Wir haben in unseren bisherigen Dar-
362 4927 1356 4976 stellungen über Gehalt und Klang der deut-
360 4973 1355 5020 schen Sprache lautliche Schönheit und
366 5019 1354 5066 Beweglichkeit bereits derart in den Vorder-
363 5068 1354 5112 grund rücken können, daß die zu diesen
363 5111 1354 5157 Zeilen gestellte Ueberschrift in sich als ein
365 5156 1353 5204 Widerspruch erscheinen mag. Ist die deut-
360 5205 1354 5249 sche Sprache schön? Die Antwort darauf
355 5250 1353 5296 ist ein Stück Zeitgeschichte, denn sie er-
356 5295 1352 5342 innert uns daran, daß Hebbel einmal
361 5345 1350 5392 aussagte: „Schön erscheint sie mir nicht,
355 5389 1350 5436 die deutsche Sprache - nur die italienische
354 5436 1351 5483 klingt.“ Man darf das Wesen unserer
350 5481 1351 5530 Sprache natürlich nicht vom Vokalreich-
354 5529 1349 5575 tum des Südens her sehen, noch darf man
353 5574 1347 5622 ihr die romanische Geschmeidigkeit des
349 5620 1351 5668 Französischen gegenüberstellen, wie es
351 5668 1344 5715 selbst Friedrich der Große getan hat,
351 5713 1345 5760 der aus dem Munde Voltaires immer wie-
351 5759 1344 5805 der den wirbelnden Zungenschlag des We-
349 5806 1342 5851 stens hörte, so daß er einmal in einem
345 5852 1340 5898 Gespräch mit dem Sprachbildner Gott-
349 5899 1341 5944 sched (geb. 1700) in liebendem Aerger
351 5946 1343 5989 ausrief: „Die deutschen Konsonanten! Mir
347 5992 1343 6038 tun immer die Ohren weh, wenn ich deut-
349 6039 1340 6080 schen Namen nennen höre. Da ist lauter
349 6084 1337 6129 Kah und Keh, Krap und Krip, Klop, Klotz,
345 6129 1338 6176 Krak . . . Sein eigener Name wie hart!
338 6176 1098 6222 Gottsched - fünf Konsonanten!“
391 6234 1342 6279 Es mag sein, daß in Namen wie Kant
341 6283 1342 6326 und Kleist und Klopstock das scharfe Ge-
343 6328 1342 6371 rüst des Konsonantischen nicht zu über-
336 6374 1330 6417 hören war, zumal für einen Geschmack,
343 6422 1337 6464 der vom bel canto, vom Schöngesang des
340 6467 1337 6511 Südens oder von der eleganten Geste der
339 6512 1336 6557 französisierten Hofsprache zu vokalhörig
342 6562 1337 6603 geworden war. Auch der Seufzer Wie-
337 6607 1335 6649 lands, der sich in seinem „Sendschreiben
339 6652 1334 6696 an einen jungen Dichter“ über das Zischen,
342 6700 1331 6741 Knarren nud Klirren „in unseren mit h,
334 6746 1338 6789 ch, s, sch, pf ur ir überladenen Hochdeut-
338 6791 1332 6840 schen beklagt, kam noch aus dem empfind-
341 6842 1056 6883 samen Zierzimmer des Rokoko.
385 6887 1336 6929 Mit der Spitzenmanschette auf dem Sei-
341 6933 1338 6976 denrock stand freilich die deutsche Sprache
337 6977 1336 7021 nicht unbedingt freundlich. Mit der Ehr-
337 7025 1326 7068 lichkeit all ihrer den Schall nachahmen-
337 7071 1329 7115 den Worte „klopfen, klimpern, klingeln,
334 7119 1329 7160 klicken, klirren, Knacks, Knall, Hall,
334 7165 1331 7207 Schall, Prall, hart, knapp, knarren, knat-
339 7212 1328 7254 tern, flattern, knottern, knattern, kollern,
336 7258 1334 7301 rollen, donnern, knittern, poltern . . .“ hatte
339 7305 1335 7348 sie fast einen Bauernmund. Aber wieder-
339 7350 1332 7393 um: was hat ein Goethe mit den Mög-
341 7397 1330 7439 lichkeiten dieser Sprache dennoch erreicht!
343 7444 1330 7485 Gerade das feste Rückgrat des Konsonan-
344 7491 1335 7536 tischen bewahrt unsere Lautung vor dem
1391 4891 2377 4938 weich Zerfließenden. Es hatte schon sei-
1390 4936 2380 4984 nen Sinn, wenn die ältesten germanischen
1392 4981 2379 5034 Dichtungen, wie etwa das im Bruchstück
1390 5027 2379 5081 überlieferte Hildebrandslied, das Gewicht
1388 5077 2380 5128 ihres Klanges auf die Anfangsbuchstaben
1389 5121 2379 5172 legten, auf den Stabreim. Das gab
1388 5167 2380 5217 Festigkeit, Bestimmtheit und Bündigkeit
1390 5214 2377 5264 der Aussage. Und noch in den Namen der
1387 5262 2370 5310 alten Dichtungen, mochte hier von Hilde-
1387 5304 2375 5354 brand, Hadubrand und Heribrand die Rede
1387 5355 2376 5403 sein oder im alten Gudrunslied von Held
1386 5397 2374 5450 Horand, von der schönen Hilde, vom König
1388 5444 2376 5493 Hagen und vom Herrn Hettel, - waren die
1386 5493 2379 5540 gleichen anlautenden Konsonanten wie Be-
1379 5538 2374 5585 schwörungszeichen einer schicksalhaften
1384 5584 1873 5628 Zusammengehörigkeit
1428 5630 2371 5678 Erst ein Mönch, der um 868 in seiner
1379 5675 2370 5723 stillen, abseitigen, lateingenährten Kloster-
1376 5722 2371 5771 zelle die „Evangelienharmonie“ schrieb,
1375 5770 2373 5818 machte den Beginn mit den aus lateinischen
1380 5813 2367 5863 Hymnen übernommenen Endreimen,
1379 5862 2371 5909 mit den in vokalhaften Klang, Gleich- und
1375 5905 2371 5953 Schönklang ausladenden Versen, die in der
1377 5951 2372 6002 Hand des Ungeübten noch heutigen Tages
1377 6000 2374 6048 so leicht zum nichtssagenden Wohlgeklingel
1377 6047 2368 6092 verflachen, ohwohl gerade andererseits der
1378 6091 2370 6138 Reim bewiesen hat, zu welcher dichte-
1376 6135 2369 6186 rischen Aussage die konsonantisch so klar
1376 6183 2365 6231 gestützte, aber auch vokalvolle deutsche
1376 6230 2362 6277 Sprache imstande ist. Es scheint als seien
1375 6276 2363 6325 in ihr als der Mitte europäischer Sprachen
1372 6324 2366 6371 viele Eigenschaften gebunden, Vokalisches
1372 6368 2363 6416 vom Süden, Konsonantisches vom rauheren
1373 6414 2365 6461 Norden, die formale Beweglichkeit des We-
1372 6464 2365 6510 stens und die nüchterne Gebrauchsart des
1372 6508 2366 6557 im Klanglichen bereits weitgehend ver-
1374 6554 1828 6599 flachten Englischen.
1412 6609 2360 6658 Der Vorgang der lautlichen Verfla-
1371 6659 2361 6704 chung, der zwischen gestutzter Geschäfts-
1371 6706 2362 6751 sprache und hastigem Alltag gerade die
1372 6750 2359 6796 Sprache der englischen Insel und der ame-
1371 6799 2361 6849 rikanischen Welt bereits verformt hat, ist ein
1371 6844 2361 6892 Hinweis auf die Gefahren, die der gespro-
1369 6890 2362 6935 chenen Sprache drohen. Sie verarmt laut-
1370 6934 2360 6982 lich und begrifflich. Sie beginnt zu stot-
1367 6985 2355 7030 tern mit Kürzungen und Abkürzungen und
1369 7031 2357 7075 wird mundfaul und einsilbig wie ein Tele-
1370 7079 2360 7122 gramm. Der Dichter ist der Bewahrer des
1368 7124 2355 7169 alten Reichtums. Bei ihm wird erneuert,
1369 7170 2357 7215 was der Alltag verschleißt. Und der All-
1367 7214 1815 7258 tag verschleißt viel
1409 7259 2356 7307 Schon gibt es Worte, die mehr oder weni-
1364 7311 2356 7355 ger vergessen sind oder nur noch im
1365 7357 2353 7400 engeren landschaftlichen Bereich wie in
1367 7402 2355 7445 einer Schonung leben. Wer kennt noch die
1366 7447 2358 7494 Worte wie „schwöden“ oder „seigern“, wem
1365 7495 2352 7543 ist noch der Begriff „türren“ (= sich ge-
2420 4902 3404 4952 trauen) bekannt, während Luther noch den
2420 4949 3407 4996 Ausdruck türstig = reckenhaft kennt? Wir
2418 4996 3404 5044 sprechen von „erquicken“ und „Quecksil-
2421 5040 3403 5090 ber“, aber der Stammbegriff „queck“ und
2414 5088 3399 5135 „quick“ = lebendig, beweglich geht ver-
2407 5134 3397 5181 schollen. Wir sprechen von „Meineid“, aber
2410 5179 3395 5227 die Bedeutung des Begriffes „Mein“ =
2407 5224 3396 5272 Falschheit ist vergessen. Daß es eine Wort-
2410 5272 3394 5321 bedeutung „Rein“ = Rat gab, lebt nur
2406 5318 3402 5365 noch in Namen wie Reinhold und Reinhard
2412 5363 3399 5413 tort. Von einem „Lotterbuben“ sprechen
2411 5411 3400 5457 wir wohl noch einmal bei Gelegenheit, aber
2411 5454 3393 5505 das altdeutsche Wort „lotter“ (liederlich)
2409 5500 3399 5550 kommt uns dabei nur von ferne in den
2408 5546 3395 5595 Sinn. Einen Mann, der sich unehrlich
2406 5594 3398 5642 gibt, nennt man wohl noch einmal Gleisner
2406 5640 3398 5687 oder gleisnerisch, während es uns längst
2411 5685 3393 5732 entgangen ist, daß einmal „gleisen“ soviel
2408 5732 3395 5779 Wie „sich stellen“ hieß. Weiß jedermann,
2408 5780 3393 5825 was eine Brausche, eine Brink, ein Brühl,
2407 5824 3394 5870 eine Bülge, eine Bunge ist? Warum ver-
2402 5870 3393 5917 schwenden wir soviel alten sprachlichen
2406 5915 2642 5961 Reichtum?
2450 5981 3394 6032 Wir „überraschen“ wohl jemanden, aber
2403 6031 3392 6078 das Wort „raschen“ in der Bedeutung „sich
2403 6076 3391 6123 beeilen“ ist unserem Gedächtnis entglitten,
2405 6125 3392 6171 und daß „heilig“ im Niederdeutschen den
2402 6169 3389 6217 Sinn des Wortes „ermüdet“ hat, klingt nur
2400 6217 3388 6262 noch nach in dem Wortbild „jemanden be-
2395 6259 2615 6307 helligen“.
2440 6319 3389 6366 Viele unserer heute noch alltags ge-
2403 6366 3387 6410 bräuchlichen Worte wurden im Landschaft-
2399 6412 3388 6458 lichen geboren, aber wir „wissen“ es nicht
2397 6459 3388 6506 mehr. Manche mögen beispielsweise mei-
2399 6506 3385 6550 nen, das Wort „Bunker“ sei ein ziemlich
2389 6553 3380 6599 neuer, technischer Umwelt entsprungener
2395 6596 3385 6642 Begriff, aber tatsächlich führt uns das Wort
2397 6643 3384 6690 in die stillste Heide. Wenn man den Moor-
2394 6690 3378 6736 boden bis auf den Torfgrund aushöhlte,
2391 6737 3379 6784 sprach man einst schon von „bunken“,
2392 6783 3382 6828 einem Begriff, den man auch auf die hohlen
2395 6829 3378 6874 Laderäume der Schiffe anwandte, bis er in
2392 6877 3380 6922 unseren Tagen zum Namen des unterirdi-
2389 6922 3031 6971 schen Kriegsgelasses wurde.
2434 6988 3378 7040 So ist die Sprache ewig alt und ewig
2392 7038 3379 7083 neu. Und so ist insbesondere auch unsere
2389 7081 3377 7130 Muttersprache geistesgegenwärtig wie in
2388 7131 3374 7175 ihren früheren Tagen. Sie hat mehr: Ge-
2388 7175 3374 7222 düchtnis als wir, das ist ihre Stärke. Und
2389 7224 3376 7270 wir haben oft zu wenig Gehör, um in ihre
2389 7267 3375 7315 verschollenen Klänge hineinzuhorchen, das
2386 7314 3371 7361 ist unsere Schwäche. Aber es ist viel wert,
2388 7362 3372 7408 wenn wir ihr in stillen Stunden des Le-
2386 7410 3374 7454 sens und Schreibens abhören, was an Ge-
2387 7455 3372 7501 schichte und deutschem Wesen in ihr ent-
2385 7500 3372 7552 halten ist. Dr. Oskar Wessel.
3452 331 4241 392 Berühmte Geschichtsschreiber
3790 413 5142 528 Cãsar über seine Feldzüge
3491 557 4437 604 Pascal wird jener Ausspruch zugeschrie-
3455 606 4434 649 ben, wonach die Weltgeschichte anders ver-
3456 652 4430 697 laufen wäre, wenn zufällig die Nase Kleo-
3451 698 4435 746 patras weniger kokett im Gesicht der
3452 744 4435 792 Aegypterin gestanden und mithin Cäsar
3453 791 4437 838 nicht durch ihre Schönheit betört worden
3455 839 4433 883 wäre. Welch eine Art, Geschichte zu be-
3453 884 4433 932 trachten und alles gleichsam an der Fin-
3451 932 4434 981 gerspitze des Zufalls schweben zu lassen!
3449 978 4432 1026 Es ging ja nicht um die sandfarbige Schöne
3451 1024 4431 1070 des Nillandes, sondern um die immer wie-
3453 1070 4432 1119 derholte Begegnung zwischen Abend- und
3453 1118 4433 1167 Morgenland die hier einst zwischen Grie-
3451 1165 4434 1214 chen und Persern, dort vom lateinischen
3453 1213 4319 1259 Imperium Cäsars ausgefochten wurde.
3492 1266 4431 1318 Shakespeare, der große Menschen-
3450 1316 4432 1361 kenner - seine Inselwelt mag ihn dazu ge-
3449 1362 4431 1408 macht haben -, hat den römischen Feld-
3452 1406 4432 1454 herrn als einen selbstbewußten, aber bei
3450 1454 4433 1498 allem Format doch sachlichen Imperator
3450 1500 4432 1547 in die Szene seines Dramas gestellt. Und
3449 1549 4434 1590 als wir ehedem in der Schule Cäsars eigene
3449 1593 4435 1636 Erläuterungen über seinen Bellum gal-
3452 1639 4433 1684 icum. den Feldzug in Gallien, lasen und
3451 1686 4436 1732 unsere Lateinkenntnisse an jener Stelle
3444 1731 4431 1775 wetzten. wo er mit technischer Ausführ-
3446 1779 4432 1822 lichkeit die Brücke beschreibt, auf der er
3448 1823 4431 1867 im Jahre 54 vor unserer Zeitrechnung den
3448 1870 4432 1914 Rhein überschritt. da hatten wir Schüler
3447 1915 4433 1960 im stillen manches gegen den geschichts-
3448 1963 4433 2009 schreibenden Feldherrn Julius Cäsar ein-
3447 2012 4434 2054 zuwenden: er schien uns allzu nüchtern
3445 2057 4431 2100 mit dem sorgfältig aufgezeigten Baugerät,
3447 2100 4429 2145 den Schrägpfählen und Jochen und Spann-
3448 2147 4437 2191 riegeln und Streben. War das die Sprache
3445 2196 4428 2239 eines Feldherrn oder die eines Ingenieurs?
3447 2242 4433 2284 Nein, so begeistert wie einst der Dichter
3448 2288 4430 2333 Petrarca den Namen Cäsars von neuem
3447 2336 4430 2379 durch Italien schwang, als den genialen
3448 2383 4433 2425 Geist des Herrschertums überhaupt, so
3442 2428 4429 2472 sahen wir ihn zwischen allen lateinischen
3444 2472 4431 2516 Satzgefügen nicht und auch nicht als der
3445 2519 4434 2564 metallene Held wie ihn Dante einst über
3446 2568 4291 2609 die Wiese der Heroen schreiten ließ.
3486 2622 4429 2669 Eines hatten wir Jungen wohl richtig er-
3447 2669 4435 2713 fühlt: das ruhige, leidenschaftslose Maß
3442 2717 4430 2759 seiner Kriegsdarstellung. Er schrieb von
3446 2764 4428 2808 seinen Feldzügen wie von den Taten eines
3446 2807 4431 2852 anderen und häufte, wie aus den Notizen
3441 2855 4435 2900 eines im Lagerzelt geschriebenen Tage-
3441 2901 4431 2945 buches. Einzelheiten auf Einzelheiten, ohne
3442 2947 4430 2992 seine eigenen strategischen und politischen
3442 2993 4430 3041 Gedankengänge in großen Zügen ab-
3443 3043 3672 3085 zustecken.
3487 3088 4432 3131 Wie knapp erscheint im Grunde das, was
3447 3133 4432 3181 er beispielsweise über seinen Vorbruch ge-
4470 547 5451 601 gen die Germanen berichtet. Als wir ge-
4470 597 5455 646 legentlich bei Andernach angesichts der
4467 645 5457 693 weiten Rheinrunde dort standen, wo Cäsar
4472 690 5455 740 vermutlich die hölzerne Strombrücke schla-
4470 736 5453 790 gen ließ, um die immer stärker aufdrin-
4471 785 5457 836 genden germanischen Stämme mit solcher
4466 830 5456 883 soldatischen Entschlossenheit einzuschüch-
4471 879 5458 931 tern, ging es uns durch den Sinn, was alle
4470 925 5454 976 einst den römischen Feldherrn bewogen
4468 972 5456 1023 haben mochte, bereits nach achtzehn Tagen
4467 1018 5456 1071 auf das linke Rheinufer zurückzukehren
4470 1065 5457 1119 und die mühsam gefertigte Brücke ab-
4472 1119 4705 1169 zubrechen.
4512 1188 5453 1245 Las er in den unermeßlichen Waldhori-
4470 1239 5453 1292 zonten Germaniens die Schrift einer Ge-
4469 1287 5454 1336 schichte, die nicht mit den Stift Cäsars ge-
4469 1331 5456 1384 schrieben werden konnte? Er fühlte hin-
4471 1379 5456 1431 ter sich die Macht seines Imperiums, aber
4469 1424 5457 1475 vor sich wohl den noch ungesammelten Auf-
4469 1471 5456 1523 trieb germanischer Volksmacht. Kaum
4469 1516 5455 1569 etwas davon ist zwischen den Zeilen des
4469 1564 5456 1616 Ferdherrnbuches zu lesen. man muß es
4468 1609 5456 1662 schon suchen gehen. dort vielleicht. wo er
4469 1656 5458 1706 vom „hercynischen Walde“ spricht, der nach
4471 1703 5455 1754 der damaligen Anschauung mit dem Oden-
4470 1747 5456 1801 wald und dem Schwarzwald begann und
4468 1795 5456 1845 als eine riesige Waldschwelle über Rauhe
4471 1839 5456 1893 Alb und Böhmerwald hinüberführte zu den
4470 1887 5454 1939 kleinen Karpaten. Cäsar läßt die Länge
4470 1935 5456 1984 des Odenwaldes und des Schwarzwaldes
4470 1982 5456 2030 als die mittlere Breite jenes „hercynischen
4472 2028 5454 2077 Wades“ gelten Neun Tage habe ein Mann
4470 2074 5457 2122 ohne Last gebraucht, um ihn in der Breite
4466 2119 5453 2169 zu durchschreiten. Es wittert in solchen
4471 2167 5455 2214 Angaben des Römers eine unterdrückte Ehr-
4470 2212 5458 2259 furcht vor den Eigenarten und Ausmaße
4470 2259 5459 2308 dieser ihm unbekannten germanischen
4468 2312 4787 2358 Landschaften.
4516 2383 5455 2431 An manchen Stellen seines Feldberichtes
4468 2431 5456 2477 tritt deutlich zutage, daß sein Kampf mit
4470 2479 5453 2524 den Germanen ihn auch zu recht un-
4472 2526 5456 2571 gewohnter Taktik zwang. Als er nach der
4470 2571 5454 2622 Unterwerfung Galliens - Cäsar versteht
4466 2619 5453 2673 darunter im weiteren Sinne Frankreich,
4467 2663 5454 2718 Belgien, die südlichen Niederlande, das linke
4469 2711 5453 2764 Rheinufer und einen Teil der heutigen
4464 2759 5454 2809 Schweiz - im Gebiet des Niederrheins gegen
4466 2804 5454 2859 die Menapier vorging, kosteten ihn die
4468 2849 5453 2904 jähen Ueberfälle, die jeweils aus den Wäl-
4467 2898 5453 2951 dern heraus gegen die römischen Legionen
4469 2945 5448 2995 vorgetragen wurden, erhebliche Ausfälle.
4470 2989 5454 3041 Der Wald selbst schien unheimlich leben-
4471 3037 5455 3089 dig geworden zu sein. Und so kam Cäsar
4468 3082 5457 3134 auf das ungewöhnliche Mittel, vor der
4470 3130 5455 3182 Spitze seiner in die Wälder langsam vor-
4468 3178 5457 3228 rückenden Truppen die Bäume abhauen zu
4467 3223 5456 3273 lassen. Die Stämme wurden an den Flan-
4472 3269 5457 3319 ken jeweils so aufgeschichtet, daß ihre
4472 3316 5452 3367 Aeste wie Speere eines gewachsenen Ver-
4469 3362 5456 3411 haues den Vormarsch zu schützen hatten.
4471 3411 5454 3461 Aber als dann die Herbstregen wie Brun-
4469 3456 5455 3504 nen in die Baumschluchten rannen, war es
4469 3502 5457 3550 auch mit diesem Verfahren zu Ende und
4472 3550 5452 3595 der Feldherr befahl schließlich den Rück-
4468 3602 4656 3649 marsch.
4516 3670 5461 3726 Gleichzeitig am Niederrhein im Kampf
4473 3721 5458 3772 gegen die Usipeter und Tenkterer spielte
4469 3766 5458 3817 sich ein Vorfall ab, der immerhin erhellt,
4470 3814 5458 3862 daß die Legionen keinen leichten Stand
4475 3862 5457 3910 hatten. Cäsar ließ germanische Fürsten
4476 3906 5459 3956 festnehmen, weil ihre Reiterei zur Zeit ei-
4474 3955 5458 4002 nes Waffenstillstandes einen Angriff auf
4475 4000 5459 4048 seine Soldaten unternommen hätten. Da-
4473 4046 5458 4093 bei ist zwischen den Zeilen seines Berich-
4475 4093 5462 4139 tes zu lesen, daß die Germanen zu dieser
4477 4141 5463 4185 Zeit zwar einen Waffenstillstand erstrebt
4476 4187 5460 4234 ihn aber nicht erreicht hatten, so daß der
4476 4234 5458 4279 Angriff der germanischen Reiterei aus gu-
4477 4280 5460 4327 tem Recht erfolgte. Noch zu Lebzeiten hat
4477 4327 5458 4371 der Römer Cato den Feldherrn wegen die-
4472 4374 5459 4418 ses willkürlichen Uebergriffes gegen die An-
4475 4419 5461 4463 führer der Germanen heftig verurteilt und
4476 4468 5460 4509 die Befürchtung ausgesprochen daß für
4476 4514 5458 4558 solches Vorgehen der Götter Zorn über
4475 4562 5070 4607 Rom hereinbrechen könne
4519 4637 5460 4686 Wenn man aber von solchen gelegent-
4478 4689 5458 4732 lichen eigenwilligen Darstellungen Cäsars
4477 4735 5458 4778 absieht, lebt in seinen Feldzugsberichten
4476 4782 5461 4825 ein fast knapper soldatischer Geist, der Zug
4477 4829 5458 4870 um Zug seine Märsche und Gefechte ins
4473 4874 5458 4918 Licht rückt und zumal das Gegenständ-
4475 4920 5456 4964 liche der Kämpfe selbst. Manches davon
4474 4968 5457 5010 liest sich heute recht eigenartig, etwa wenn
4473 5015 5456 5057 er berichtet, daß die aufständischen Sueven
4475 5059 5456 5103 Auge in Auge mit den römischen Legionen
4475 5107 5454 5150 die Rhon entlang, marschierten, weil die
4472 5153 5457 5197 damaligen Wurfgeschosse noch nicht aus-
4470 5200 5454 5244 reichten, um den Gegner auf der anderen
4469 5242 5456 5291 Uferseite zu treffen. Oder man liest, wie
4473 5292 5455 5339 sehr die damaligen Bewohner der eng-
4472 5337 5452 5385 lischen Insel erstaunt waren über die ihnen
4470 5385 5457 5431 ungewohnten römischen Kriegsschiffe mit
4470 5429 5454 5477 ihren Schleudermaschinen, während sie
4466 5475 5453 5527 ihrerseits bereits mit rasselnden Kampf-
4469 5525 5453 5572 wagen ins Gefecht rollten und, auf der
4469 5567 5453 5618 Deichsel stehend, ihre Geschosse auf den
4467 5613 5449 5664 Feind warfen. Für die damalige Tech-
4466 5662 5453 5713 nik des Krieges ist es charakteristisch, daß
4465 5708 5450 5758 nach Cäsars Darstellung die Römer vor
4464 5753 5452 5810 dem Gefecht gerne Berghänge besetzten,
4465 5801 5449 5853 um von hier aus für ihre Wurfspeere mehr
4466 5845 5452 5900 Fallgewicht zu heben. Die Natur der da-
4462 5892 5452 5945 maligen Waffen bedingte auch, daß der
4464 5937 5448 5992 Soldat seinen Ranzen jeweils im Lager zu-
4465 5985 5449 6038 rückließ, um frei beweglich zu sein. Auf
4461 6032 5450 6086 solche Weise wurde das Lager immer wie-
4462 6075 5449 6138 der Ausgangspunkt der römischen Kriegs-
4463 6120 4607 6176 kunst.
4497 6192 5443 6256 Cäsars Buch über seine Kriegszüge im
4453 6242 5443 6301 heutigen Frankreich, die ihn bald an die
4454 6288 5444 6347 Aisne, bald an die Sambre, hier an die
4456 6335 5441 6396 Kanalküste, dort an das Rheinufer führten,
4454 6380 5442 6441 bringen örtliche Erinnerungen an manche
4454 6426 5444 6489 Kampfstätten des gegenwärtigen Ringens.
4453 6473 5447 6534 Um so mehr wird aber sichtbar, wie sehr
4450 6522 5442 6580 sich Mittel und Ausmaße der Kriegstech-
4451 6568 5441 6628 nik seit den Jahren des Feldherrn und
4449 6611 5441 6674 Kriegsberichters Julius Cäsar verändert
4439 6656 5437 6721 hahen, von dem die Germanen den Begriff
4444 6706 5436 6767 „Kaisar“ übernahmen, woraus später, „Kai-
4438 6751 5438 6816 ser“ wurde. Dr. O. Wessel.
4478 6936 5013 7028 Pellmanns Mahnung:
4476 7052 5084 7104 Soll es im Lenz an mir nicht fehlen,
4480 7110 4846 7159 mußt Du mich pellen
4693 7173 5009 7220 und nicht schälen.
4466 7276 5005 7369 Kartoffeln
4473 7387 5375 7455 verlieren durch Schälen bis zu 30 v. H. an
4470 7450 5376 7517 Nahrungsgut. Sparsamkeit ist höchste Pflicht.
