5922 8064
1218 313 3149 374 DIENSTAG, 2. JANUAR 1945 / 15. / 156. JAHRGANG / NUMMER 1
4537 319 5614 372 EINZELVERKAUFSPREIS 10 RPF.
1285 407 5557 856 HAKENKREUZBANNER
645 1053 1160 1104 ZWEITE AUSGABE
688 1110 1107 1146 STADTGEBIET
729 1149 1060 1182 MANNHEIM
1273 958 3552 1009 RPK. I/12. Verlag: Hakenkreuzbanner Verlag und Druckerei GmbH., Mannheim, R 3, 14. - Anzeigen u. Vertrieb:
1273 1002 3551 1050 Mannheim, R 1, 4-6. Fernspr.-Sammelnr. 54 165. - Verlagsdirektor: Dr. Walter Mehls (z. Z. i. Felde). Stellv.: Emil Laub.
1272 1044 3550 1094 Erscheinungsweise sechsmal wöchentlich. - Druck: Mannheimer Großdruckerei GmbH. Bezugspreis: Durch
1268 1085 3547 1138 Träger frei Haus 2, — RM, durch die Post 1,70 RM zuzüglich Bestellgeld. - Z. Z. ist Anzeigenpreisliste Nr. 14 gültig.
1266 1128 3547 1179 Hauptschriftleiter: Fritz Kaiser, Stellvertr.: Dr. Alois Winbauer, Berliner Schriftleitung: SW 68, Charlottenstraße 82.
3754 946 5560 1142 Neue Mannheimer Zeitung
3737 1145 5549 1210 AUF KRIEGSDAUER MIT DEM „HB“ ZUSAMMENGELEGT
574 1365 5622 1806 Die Welt muß wissem, daß dieser Staat niemals kapitulieren wird!
542 1859 3591 2073 Der Führeraufruf an das deutsche Volk:
643 2106 1532 2152 Aus dem Führerhauptquartier, 1. Jan.
583 2165 1534 2209 Der Führer hat zum Jahreswechsel fol-
547 2216 1536 2258 gende Ansprache an das deutsche Volk ge-
537 2263 711 2306 richtet:
586 2324 1535 2373 Deutsches Volk! Nationalsozialisten! Na-
542 2380 1533 2420 tionalsozialistinnen! Meine Volksgenossen!
596 2434 1531 2478 Nur der Jahreswechsel veranlaßt mich,
539 2484 1534 2526 heute zu Ihnen, meine deutschen Volksge-
538 2532 1534 2573 nossen und Volksgenossinnen zu sprechen.
541 2578 1536 2619 Die Zeit hat von mir mehr als Reden gefor-
537 2625 1537 2667 dert. Die Ereignisse der hinter uns liegen-
538 2671 1537 2716 den zwölf Monate, besonders aber der Vor-
542 2718 1530 2763 gang des 20. Juli, haben mich gezwungen,
535 2765 1536 2807 meine ganze Aufmerksamkeit und Arbeits-
536 2811 1535 2854 kraft der einzigen Aufgabe zu widmen, für
537 2858 1534 2902 die ich seit vielen Jahren lebe: Dem Schick-
534 2903 1117 2950 salskampf meines Volkes.
578 2976 1528 3017 Denn wenn auch die Gegner schon früher
535 3023 1533 3067 jedes Jahr unseren Zusammenbruch prophe-
528 3070 1534 3110 zeit haben, dann setzten sie doch auf das
532 3116 1530 3159 Jahr 1944 besondere Hoffnungen. Noch
534 3163 1532 3204 niemals schien ihnen der Sieg so nahe zu
533 3211 1532 3252 sein wie in den Augusttagen des vergange-
531 3254 1532 3300 nen Jahres, als eine Katastrophe förmlich
529 3303 972 3349 der anderen folgte.
576 3359 1532 3404 Wenn es nun trotzdem gelungen ist, das
532 3408 1525 3450 Schicksal wieder, wie so oft. zu wenden,
530 3453 1527 3498 dann fällt neben dem Opfer, Ringen und
530 3500 1529 3545 Arbeiten aller meiner Volksgenossen in der
529 3548 1528 3593 Heimat und an der Front auch meiner eige-
530 3595 1526 3640 nen Arbeit und meinem eigenen Einsatz ein
528 3641 1528 3687 Anteil an diesen Verdiensten zu. Ich habe
534 3686 1529 3732 damit nur in dem Sinne gehandelt, dem ich
530 3736 1531 3781 in der denkwürdigen Reichstagssitzung am
1569 2112 2567 2159 1. September mit der Erklärung Ausdruck
1568 2160 2565 2204 verlieh, daß in diesem Kampfe Deutschland
1568 2203 2568 2252 weder durch Waffengewalt noch durch die
1569 2252 2566 2300 Zeit jemals niedergezwungen werden, daß
1567 2301 2560 2345 sich aber ein 9. November im Deutschen
1568 2344 2362 2396 Reich nie mehr wiederholen wird.
2638 2119 3587 2163 Wer nun allerdings Deutschland nur in
2596 2168 3588 2211 seiner Verfallszeit kannte, der durfte viel-
2597 2212 3583 2257 leicht hoffen, daß diesem Staat weder ein
2595 2259 3583 2305 Wiederaufstieg noch die Kraft, einen solchen
2596 2307 3590 2351 gegen eine ganze Welt von Feinden zu be-
2596 2350 3349 2399 haupten, beschieden sein würde.
1564 2448 3066 2548 Die dre ste Juden-Agitation im Feindlager
1610 2570 2561 2612 So hat denn auch die jüdisch-internatio-
1566 2618 2560 2658 nale Weltverschwörung vom ersten Tage an
1565 2664 2555 2706 von Hoffnungen gelebt. Immer dann, wenn
1565 2709 2554 2753 die Völker mißtrauisch zu werden drohten,
1568 2756 2560 2799 wurden aus Hoffnungen dann Prophezei-
1566 2801 2558 2845 hungen formuliert und mit einer gewissen
1565 2848 2557 2892 agitatorischen Dreistigkeit in den Augen
1567 2896 2558 2940 der breiten Masse als unbedingt sicher, ja
1568 2942 2556 2985 als ganz selbstverständlich hingestellt.
1565 2990 2555 3032 Zweier Methoden bediente sich dabei diese
1566 3035 2557 3080 Propaganda, obwohl sie am Ende, wie jede
1566 3080 2395 3125 Lüge, doch nur kurze Beine haben:
1608 3147 2557 3194 Nämlich auf der einen Seite werden zur
1565 3195 2558 3240 Beruhigung der Ungeduld der Massen Ter-
1565 3246 2557 3289 mine festgelegt, an denen der deutsche Zu-
1565 3293 2553 3333 sammenbruch mit Sicherheit zu erwarten
1563 3336 2555 3380 ist, und auf der anderen Fragen behandelt,
1562 3385 2554 3426 deren Lösung nach diesem Zusammenbruch
1566 3429 2514 3478 für die Alliierten notwendig sein würde.
1603 3495 2556 3543 Ehe überhaupt der Krieg begonnen hatte,
1574 3544 2555 3589 ag schon die erste englische Äußerung vor,
1562 3594 2554 3637 daß die gemeinsame englisch-französische
1562 3639 2555 3684 Kriegserklärung in Deutschland spätestens
1567 3687 2555 3729 nach sieben bis acht Tagen zur inneren Re-
1565 3734 2554 3781 volution und damit zum Zusammenbruch
2592 2571 3586 2616 des deutschen Reiches führen würde. Dem
2596 2620 3587 2663 folgten nun mit fast astronomischer Regel-
2597 2667 3587 2709 mäßigkeit im Winter, Frühjahr und Herbst
2598 2713 3590 2757 und manches Mal auch zwischendurch im-
2594 2762 3585 2803 mer neue Versicherungen, daß nunmehr der
2594 2803 3587 2848 bindungslose Zusammenbruch und damit die
2596 2847 3587 2898 Übergabe - beides wäre ja gleichbedeutend
2597 2901 3585 2942 - unmittelbar vor der Türe stünden. Schon
2598 2947 3585 2990 im Herbst 1939 jagte eine solche Versiche-
2594 2993 3587 3037 rung die andere. Bald war es der „Ge⸗
2595 3040 3586 3084 neral Schlamm“, dann der „General Hun-
2597 3085 3585 3130 ger“ und dann wieder der „General Win-
2594 3132 3586 3177 ter“, die uns besiegen sollten. Besonders
2594 3179 3585 3224 das Jahr 1940 aber war zu seinem Beginn
2594 3226 3582 3270 mit solchen alliierten Erklärungen reichlich
2595 3272 3583 3318 bedacht worden. Nach dem französischen
2596 3317 3583 3363 Feldzug wurden neue Prophezeiungen auf-
2596 3366 3585 3408 gesellt, und zwar, daß, wenn es Deutsch-
2594 3411 3584 3457 land nunmehr nicht gelänge, den Krieg in
2593 3458 3585 3504 zwei Monaten, also bis spätestens Septem-
2594 3503 3582 3549 ber, zu beenden, im Frühjahr 1941 der
2593 3548 3585 3594 deutsche Zusammenbruch unweigerlich ein-
2596 3595 3584 3645 treten würde. Es war aber dieses Früh-
2596 3643 3580 3689 jahr noch kaum vergangen, als schon wie-
2596 3689 3582 3735 der neue Zielsetzungen für den Sommer
2593 3736 3581 3784 und endlich den Winter 1941 als abermalige
3624 1878 4621 1925 Termine für unsere sichere Vernichtung an-
3627 1926 4619 1970 gegeben wurden. Seitdem wiederholte sich
3624 1975 4253 2015 dieses Spiel Jahr für Jahr.
3668 2040 4622 2081 Einmal hieß es, daß der Krieg aus sein
3627 2088 4624 2129 würde, ehe noch die Blätter fallen, das an-
3628 2134 4622 2175 dere Mal wieder, daß Deutschland vor der
3625 2178 4622 2225 Kapitulation stünde, ehe der neue Winter
3629 2228 4626 2272 gekommen sein würde. Mit schlafwandleri-
3622 2274 4629 2317 scher Sicherheit bezeichnete man den Au-
3629 2321 4626 2363 gust 1944 als den Monat der bedingungs-
3624 2369 4622 2411 losen Uebergabe und vereinbarte dann
3623 2413 4620 2456 kurze Zeit darauf ein gemeinsames Treffen
3623 2461 4624 2505 der führenden Staatsmänner vor Weihnach-
3625 2509 4623 2550 ten in Berlin. Vor kurzem war nun der
3625 2557 4623 2597 neue Termin der Januar, dann der März
3625 2603 4621 2644 1945. Jetzt erklärt man vorsichtigerweise,
3628 2651 4625 2693 da die beiden Monate in rasender Schnellig-
3625 2697 4623 2738 keit näherrücken, es sei der August. Im
3624 2742 4624 2787 Juli wird man sicher wieder vom Winter
3627 2789 4622 2832 1946 reden, außer, es findet unterdes der
3625 2837 4618 2878 Krieg tatsächlich sein Ende, und zwar nicht
3625 2884 4623 2926 durch die deutsche Kapitulation, denn diese
3623 2931 4620 2972 wird nie kommen, sondern durch den deut-
3621 2976 3877 3021 schen Sieg.
4656 1873 5468 1932 Die zweite Agitations-Methode
4699 1953 5653 1997 Parallel zu diesen Prophezeiungen erfolgt
4653 2003 5654 2042 aber, um die Richtigkeit der Annahme
4654 2049 5653 2091 psychologisch zu bestärken, die theoretische
4655 2094 5650 2136 Einsetzung von immer neuen Kommissio-
4651 2141 5653 2184 nen für die Behandlung europäischer Fra-
4653 2184 5654 2229 gen nach dem Kriege, die Gründung von
4656 2234 5649 2275 Gesellschaften zur Regelung der Lebens-
4656 2280 5654 2322 mittelversorgung nach dem deutschen Zu-
4653 2327 5652 2370 sammenbruch, also die Wiederaufrichtung
4653 2374 5650 2417 jener Schieberinstitutionen, die wir noch
4655 2420 5653 2461 vom Weltkrieg 1914-18 her kennen, die Pro-
4653 2464 5652 2507 klamierung von Wirtschaftsabmachungen,
4655 2510 5652 2555 die Einrichtung von Verkehrslinien, von
4653 2557 5652 2602 Flugstützpunkten sowie die Abfassung und
4654 2604 5651 2648 Verkündung von zum Teil wahrhaft idioti-
4656 2653 5649 2693 schen Gesetzen zur Behandlung des deut-
4655 2699 5649 2738 schen Volkes, immer so, als ob der Krieg
4657 2742 5651 2788 bereits gewonnen wäre und man sich daher
4658 2788 5651 2832 mit voller Ruhe alle Maßnahmen schon
4658 2836 5647 2880 jetzt überlegen könnte zur Regierung Eu-
4657 2884 5650 2928 ropas durch Staaten, die freilich selbst ein
4657 2930 5647 2969 geradezu trauriges Beispiel dafür bieten,
4650 2973 5519 3017 wie man Völker nicht regieren kann.
3621 3062 4847 3159 Weshalb sie uns so unterschätzen
3670 3187 4617 3228 Dieses propagandistisches Manöver kann
3624 3232 4619 3274 man den einsichtslosen Massen in den de-
3619 3276 4617 3321 mokratischen Staaten allerdings erstaun-
3618 3321 4619 3366 lich lange vorexerzieren, allein eines
3618 3373 4616 3414 Tages wird es auch dort offenbar werden,
3623 3417 4618 3459 daß es nichts anderes ist als eine der in
3620 3464 4613 3505 diesen Ländern üblichen Schwindeleien.
3620 3509 4617 3551 Wenn aber trotzdem in den westlich-de-
3619 3557 4618 3597 mokratischen Staaten der eine oder andere
3620 3601 4617 3644 der führenden Männer wirklich an das alles
3616 3649 4617 3691 glauben sollte, was man den Völkern vor-
3618 3696 4617 3740 setzt, dann könnte dies seine Erklärung nur
3618 3741 4174 3790 in drei Ursachen finden:
4696 3183 5651 3231 1. Darin, daß man das deutsche Volk
4653 3233 5650 3276 überhaupt gar nicht kennt. vor allem nicht
4653 3279 5651 3322 weiß, daß die letzten 300 Jahre der hinter
4651 3325 5649 3369 uns liegenden deutschen Geschichte kein
4651 3370 5644 3414 Bild des Wesens des deutschen Volkes,
4652 3420 5649 3462 sondern nur die Folgeerscheinung der in-
4650 3466 5652 3508 nerpolitischen Zerrissenheit waren, daß die-
4650 3512 5651 3555 des deutsche Volk aber, seit es in die Ge-
4650 3559 5648 3602 schichte eingetreten ist, nicht nur einer der
4645 3606 5649 3649 entscheidenden, sondern der entschei-
4645 3651 5649 3694 dendste Faktor der europäischen Ge-
4650 3698 5647 3740 schichte und damit der Weltgeschichte
4646 3745 5648 3790 überhaupt war, es heute ist und in der Zu-
4648 3791 5241 3834 kunft est recht sein wird.
4691 3838 5646 3883 2. Daß man vom nationalsoziali-
4646 3885 5643 3931 stischen Staat keine Ahnung hat, daß
4642 3931 5646 3976 man dem Wesen dieser Volksidee schim-
4642 3978 5644 4025 merlos gegenübersteht, daß die Leistungen,
4640 4022 5646 4069 die das nationalsozialistische Regime un-
4642 4071 5646 4116 ter den schwersten Umständen vollbracht
4640 4114 5643 4164 hat, den meisten Menschen der uns um-
4647 4163 5648 4211 gebenden Länder verborgen geblieben sind
4643 4209 5644 4257 und wohl auch verborgen bleiben muß-
4641 4256 5645 4305 ten, weil die Unterrichtung des öffentli-
4645 4302 5645 4352 chen Lebens und damit die Bildung der öf-
4643 4348 5646 4398 fentlichen Meinung dort nur von Juden
4643 4396 5642 4445 gemacht, das heißt also verdreht und ver-
4642 4441 5642 4492 logen gestaltet wird. Man weiß daher an-
4643 4490 5640 4538 scheinend auch jetzt noch nicht, daß der
4640 4536 5640 4586 nationalsozialistische Staat weder vom Bol-
4639 4583 5637 4633 schewismus noch von der demokratisch-
4638 4629 5641 4680 plutokratischen Ideenwelt - sofern von ei-
4639 4678 5637 4726 ner solchen überhaupt die Rede sein kann -
4637 4723 5638 4772 abgelöst werden kann. da sich beide in
4638 4767 5640 4819 Deutschland selbst in ihren Leistungen als
4638 4814 5641 4866 unfähigerwiesen haben und im übri-
4641 4863 5636 4915 gen die Ergebnisse ihres Wirkens von den
4637 4910 5630 4961 von ihnen beherrschten eigenen Ländern
4636 4957 5637 5008 nur als das abschreckendste Beispiel vor-
4635 5003 4796 5047 stellen.
4677 5053 5638 5106 3. Daß man aber in diesen Ländern da-
4636 5100 5633 5151 für etwas anderes gekannt hat, was die
4633 5144 5635 5200 überwältigende Masse des gesunden deut-
4633 5191 5631 5245 schen Volkes nicht kennt. nämlich einen
4631 5237 5635 5291 kleinen Klüngel von Salonpolitikern
4631 5286 5633 5340 und Salongeneralen, die in völliger
4632 5331 5634 5386 Verkennung ihrer eigenen geistigen politi-
4630 5380 5633 5432 schen und militärischen Bedeutungslosig-
4631 5425 5633 5479 keit der Welt einzureden versuchten, daß
4629 5473 5629 5529 sie durch einen Staatsstreich eines Tages
4630 5520 5631 5573 an die Macht kommen und dann ohne wei-
4630 5565 5628 5620 teres eine Kapitulation so ähnlich wie in
4629 5610 5629 5668 Italien, Finnland, Ungarn, Rumänien und
4629 5658 5626 5714 Bulgarien anzubieten in der Lage wären.
4626 5704 5632 5759 So wenig unsere Feinde daher das deut-
4628 5753 5630 5807 sche Volk kannten, je geringer ihr Wissen
4630 5801 5630 5851 vom Wesen des nationalsozialistischen Staa-
4628 5844 5627 5898 tes war, um so lieber bauten sie auf die
4629 5889 5626 5945 Versicherungen dieser charakterlosen Sub-
4627 5937 5628 5992 jekte und hielten deren phantastische Ge-
4625 5985 5625 6038 dankengänge und Auslassungen für wahr
4626 6033 5626 6086 und honorierten sie nicht nur mit einem
4625 6080 5623 6135 starken Glauben, sondern auch mit barer
4624 6126 4835 6167 Münze.
1095 3820 4044 3998 Des Führers Tagesbefehl an seine Wehrmacht:
1061 4011 4069 4090 „Am Ende dieses Ringens wird ein glorreicher, in der deutschen Geschichte einmaliger Erfolg stehen!“
574 4108 1521 4159 Aus dem Führerhauptquartier, 1. Jan. 45.
570 4160 1520 4206 Der Führer hat zum Jahreswechsel fol-
527 4205 1520 4255 genden Tagesbefehl an die deutsche Wehr-
523 4258 882 4304 macht erlassen:
847 4324 1206 4384 Soldaten!
570 4391 1512 4440 Die weltentscheidende Bedeutung des
525 4443 1517 4489 Krieges, in dem wir uns befinden, ist dem
523 4492 1516 4535 deutschen Volke heute klar: Ein unbarm-
520 4538 1521 4584 herziges Ringen um Sein oder Nicht-
520 4586 1516 4630 sein, d. h. um Leben oder Tod! Denn
524 4629 1517 4676 das Ziel der uns gegenüberstehenden jü-
518 4679 1518 4723 disch-internationalen Weltverschwörung ist
525 4728 1241 4771 die Ausrottung unseres Volkes.
562 4784 1515 4830 Wenn ich im Jahre 1939 eine solche Er-
518 4831 1516 4877 kenntnis aussprach, dann hat sie der eine
522 4876 1515 4925 oder andere vielleicht doch für übertrieben
524 4924 1512 4974 gehalten. Im Laufe der sich anschließen-
522 4970 1514 5019 den Jahre mochte sie - weil immer und
521 5018 1516 5065 immer wiederholt - als „Propaganda-
521 5064 1514 5112 Mache“ erscheinen. Heute kann an der Ab-
516 5109 1514 5158 sicht unserer Gegner niemand mehr zwei-
519 5157 1512 5205 feln. Sie wird belegt nicht nur durch die
520 5203 1513 5252 Tätigkeit untergeordneter Organe der öf-
518 5250 1512 5300 fentlichen Publizistik, sondern bestätigt
518 5297 1514 5345 durch die uns gegenüberstehenden feind-
518 5343 1512 5394 lichen Staatsmänner. Sie ist weiter er-
518 5393 1513 5441 wiesen durch die Art der Kriegführung so-
518 5439 1510 5488 wohl als durch die politischen Vorarbeiten
513 5484 1512 5532 unserer Feinde für die Nachkriegszeit. Der
513 5531 1512 5581 jüdisch-östliche Bolschewismus entspricht
516 5579 1508 5627 in seiner Ausrottungstendenz den Zielen des
515 5626 1508 5674 jüdisch-westlichen Kapitalismus. In jedem
519 5673 1512 5719 Falle sollen freie Völker zu Sklaven ge-
515 5718 1508 5766 macht werden. Herr Churchill erklärt,
516 5768 1510 5812 daß ganz Ostdeutschland zumindest an Po-
514 5813 1512 5859 len - also in Wahrheit an Sowjetrußland -
518 5861 1510 5906 abgetreten werden soll, und zwar nicht nur
518 5907 1508 5952 Ostpreußen und Danzig, sondern sogar noch
518 5955 1507 5997 Pommern und Schlesien. Die eventuellen
516 6000 1508 6045 Bevölkerungsprobleme tut er damit ab, daß
515 6047 1508 6092 er der Hoffnung Ausdruck gibt, es würde
515 6095 1506 6138 ihm gelingen, ohnehin durch den Bomben-
517 6140 1510 6186 krieg noch sechs oder mehr Millionen Deut-
513 6187 1509 6237 sche, d. h. Frauen und Kinder, umzubringen.
558 6244 1507 6289 Sein Schützling de Gaulle wieder for-
515 6293 1509 6337 dert, daß Westdeutschland unter fran-
515 6341 1508 6384 zösische Oberhoheit kommen und das übrige
521 6387 1508 6430 Deutschland aufgelöst werden soll. Dies
514 6435 1505 6478 entspricht aber genau den programma-
520 6482 1504 6525 tischen Erklärungen des Stalinschen Haus-
519 6526 1508 6573 juden Ehrenburg, der darüber hinaus
520 6575 1508 6619 ankündigt, daß das deutsche Volk zerschla-
515 6619 1509 6666 gen und ausgerottet werden muß. Und dies
517 6668 1509 6710 wieder ist das gleiche Ziel, das in der Zu-
509 6712 1508 6758 kunftsplanung des amerikanischen Ministers
512 6760 1506 6805 und Juden Morgenthau aufgestellt wird.
556 6825 1511 6868 Für mich sind diese Gedanken keine
516 6871 1508 6914 Überraschungen. Sie waren bei un-
515 6917 1506 6962 seren Feinden immer vorhanden,
514 6967 1506 7008 und nur um ihre Durchführung zu ver-
514 7012 1508 7055 hindern. hahe ich mich bemüht, das
513 7060 1506 7103 deutsche Volk stark und widerstandsfähig
514 7106 1507 7147 zu machen. Fs sollte innerlich und äußer-
516 7150 1498 7197 lich die Kraft erhalten. die zu seiner Le-
517 7200 1224 7243 bensbehauptung notwendig ist.
558 7255 1510 7298 In diesem Kam f um Sein oder Nichtsein
516 7302 1506 7344 stehen wir nunmehr seit über fünf Jahren.
518 7349 1510 7391 Er wird in den Forderungen im sechsten
518 7396 1510 7438 Kriegsjahr vielleicht noch härter wer-
519 7441 1511 7485 den, hat aber trot dem den Höhepunkt
518 7490 960 7537 überschritten.
562 7542 1510 7597 Bis zum heutigen Tage haben das deut-
1556 4109 2554 4154 sche Volk und seine Wehrmacht den Ab-
1559 4158 2556 4201 würgungsversuchen unserer Feinde erfolg-
1558 4205 2556 4248 reichen Widerstand entgegengesetzt, trotz
1559 4254 2554 4295 zahlreicher Krisen und vieler Rückschläge.
1557 4301 2552 4342 Auch im kommenden Jahr wird es gelingen,
1555 4348 2553 4390 die feindlichen Angriffsunternehmungen ab-
1554 4395 2551 4435 zuwehren und sie am Ende durch Gegen-
1555 4442 2550 4483 hiebe zu brechen. Wenn uns in diesem
1559 4489 2550 4530 gewaltigen Ringen, das nicht nur für
1556 4535 2555 4578 Deutschlands sondern für die Zukunft ganz
1552 4581 2552 4625 Europas durchgekämpft wird, die schweren
1554 4627 2547 4672 Rückschläge nicht erspart geblieben sind,
1558 4672 2548 4718 dann liegt die Ursache nicht beim deutschen
1553 4722 2550 4765 Volk und seiner Wehrmacht, sondern auf
1552 4770 2547 4812 seiten unserer europäischen Verbündeten.
1552 4816 2548 4858 Angefangen von dem Zusammenbruch der
1550 4865 2548 4905 rumänisch-italienisch-ungarischen Front am
1551 4910 2549 4954 Don und ihrer sich daran anschließenden
1551 4958 2549 4999 völligen Auflösung, über die Sabotage der
1551 5004 2549 5046 gemeinsamen Kriegführung durch das ita-
1551 5048 2547 5093 lienische Königshaus hinweg bis zum
1551 5098 2547 5140 Putsch gegen das faschistische, an unserer
1551 5142 2546 5188 Seite stehende Italien des Duce läuft ein
1552 5193 2138 5234 gerader Weg des Verrats.
1591 5237 2547 5282 Er hat seine Fortsetzung gefunden in der
1550 5285 2544 5328 jammervollen Kapitulation der finnischen
1549 5332 2545 5376 Staatsführung, im Treubruch des rumä-
1547 5377 2544 5422 nischen Königs und seiner Umgebung, in
1549 5427 2544 5469 der Selbstaufgabe Bulgariens sowie im
1547 5474 2544 5515 schmachvollen Verhalten des früheren un-
1551 5520 2546 5561 garischen Reichsverwesers. Daraus ergaben
1547 5566 2545 5609 sich für die politische und militärische Füh-
1549 5612 2541 5657 rung schwere Folgerungen. Dazu kam im
1547 5660 2545 5702 abgelaufenen Jahre ein hinterhältiger An-
1549 5705 2545 5748 griff im Innern selbst durch ehrlose Ver-
1546 5752 2540 5796 brecher, die allerdings in wenigen Stunden
1544 5795 2543 5842 niedergeschlagen und seitdem nun rück-
1548 5847 2225 5887 sichtslos erledigt worden sind.
1593 5892 2542 5934 Obwohl gerade der 20. Juli an den Fron-
1550 5941 2541 5979 ten besonders bedrückende militärische Fol-
1549 5987 2537 6028 gen auslöste und leider mitgeholfen hat,
1548 6034 2543 6078 den Glauben an die deutsche Widerstands-
1547 6080 2540 6124 kraft bei Freund und Feind zu erschüttern,
1545 6126 2541 6169 ist er doch als ein Wendepunkt des
1547 6173 2539 6215 deutschen Schicksals anzusehen.
1545 6218 2541 6263 Denn der Versuch, durch ein inneres Kom-
1545 6267 2539 6308 plott den sozialen deutschen Volksstaat in
1546 6312 2541 6356 der Zeit seines bittersten Kampfes zu ver-
1544 6362 2540 6404 nichten und Deutschland der internationa-
1548 6408 2538 6449 len Verschwörung auszuliefern, ist damit
1547 6452 2540 6497 einmal für immer gescheitert. Ich kann ver-
1544 6501 2541 6544 sichern, daß dies der letzte derartige Ver-
1543 6547 2538 6590 such gewesen ist. Damit wird aber auch
1542 6595 2540 6637 meine Erklärung vom 1. September 1939 be-
1542 6642 2538 6683 kräftigt, nämlich daß in diesem Kriege das
1543 6689 2539 6730 deutsche Volk weder durch Waffengewalt
1546 6735 2538 6778 noch durch die Zeit niedergezwungen wer-
1547 6782 2535 6824 den kann, vor allem wird sich ein 9. No-
1542 6830 2337 6870 vember 1918 nie mehr wiederholen.
1586 6875 2536 6917 Dieser Entschluß, meine Soldaten, bedeu-
1548 6924 2532 6964 tet für das ganze deutsche Volk und in er-
1543 6970 2533 7011 ster Linie für Euch schwere Opfer. Er allein
1545 7015 2534 7057 aber rettet die Nation für die Zukunft! In
1544 7063 2533 7108 einer Not, wie sie Deutschland zu bestehen
1541 7108 2534 7150 hat, geht ein Volk mit Sicherheit zugrunde,
1544 7157 2534 7201 sowie es sich erst selbst aufgibt, denn diese
1541 7201 2535 7246 Selbstaufgabe wäre auch zugleich der Ver-
1543 7251 2536 7297 zicht auf jeden Lebensanspruch für die Zu-
1542 7294 1688 7338 kunft.
1720 7343 2222 7387 Meine Soldaten!
1582 7404 2537 7447 lch kenne Eure Leiden und Eure Opfer
1545 7451 2534 7493 und weiß, was ich von Euch fordern mußte
1544 7497 2533 7540 und was von Euch gefordert wird. Das
1539 7543 2531 7592 Schicksal hat mir, der ich einst Deutschland
2584 4111 3579 4162 als sozialen und kulturellen Staat ersten
2586 4161 3581 4206 Ranges aufbauen wollte, die schwerste Auf-
2585 4207 3584 4252 gabe gestellt, die für einen Menschen denk-
2586 4254 3582 4301 bar ist. Ich trage dieses mein Los mit dem
2583 4302 3580 4350 schuldigen Dank einer Vorsehung gegenüber,
2583 4345 3583 4395 die mich für würdig genug gehalten hat, eine
2587 4395 3576 4439 ebenso harte wie für die Zukunft entschei-
2586 4442 3577 4488 dende Arbeit in der Geschichte unseres Vol-
2583 4490 3577 4533 kes übernehmen zu müssen. Ich habe daher
2586 4536 3583 4581 gerade nach dem 20 Juli erst recht nur für
2584 4582 3579 4628 die Vorbereitungen gelebt, um früher oder
2587 4631 3575 4677 später aus der Periode der reinen Defensive
2585 4677 3576 4722 wieder heraus - u. zur Offensive antreten zu
2580 4723 3576 4770 können. Wir sind uns dabei im klaren, daß
2582 4770 3572 4816 die Festung Europa im einstigen Umfang von
2581 4816 3574 4863 deutschen Kräften allein nicht verteidigt
2578 4864 3573 4911 werden kann. Wir waren daher gezwungen,
2581 4908 3576 4958 als Opfer des Verrates unserer Verbünde en
2579 4959 3575 5003 ganze Fronten einzuziehen und andere zu
2578 5005 3577 5048 verkürzen. Ich habe aber keinen Schritt
2577 5051 3575 5095 nach rückwärts getan, ohne auf das äußerste
2579 5097 3084 5140 Widerstand zu leisten.
2624 5165 3571 5211 Unsere Gegner müssen wissen, daß jeder
2578 5211 3569 5258 Kilometer gegen Deutschland mit  iner stei-
2580 5261 3573 5304 genden Blutlast verbunden ist, und daß sie
2576 5308 3570 5354 mit einem Erlahmen oder gar Aufgeben
2577 5354 3570 5403 dieses Widerstandes niemals rechnen dürfen.
2617 5415 3569 5463 Was Ihr, meine Soldaten, dabei an so
2575 5465 3569 5509 vielen Fronten auf der Erde, auf und unter
2574 5512 3567 5555 dem Wasser und in der Luft geleistet habt.
2572 5555 3570 5603 ist übermenschlich; was aber die
2574 5604 3570 5651 deutsche Heimat, besonders ihre Frauen, ihre
2573 5647 3571 5695 Greise und Kinder an Opfern bringen, ist es
2574 5698 3568 5743 nicht minder. Was wir endlich dem deut-
2575 5744 3570 5787 schen Arbeiter, der deutschen Arbei-
2573 5788 3569 5835 terin, dem Bauern und vor allem der
2576 5838 3564 5883 deutschen Bäuerin verdanken, ist für uns
2571 5885 3569 5930 erst recht eine heilige Verpflichtung, als Sol-
2572 5928 3569 5975 daten alles zu tun, damit diese gemeinsamen
2575 5977 3569 6024 Opfer nicht umsonst sind. So habe auch ich
2572 6024 3570 6071 seit Jahren unendliche Sorgen getragen, ge-
2572 6071 3565 6116 arbeitet und mich mit Entschlüssen gequält,
2573 6119 3564 6162 und bin heute mehr denn je überzeugt, daß
2571 6165 3566 6212 am Ende dieses Ringens ein glorreicher, in
2574 6212 3566 6255 unserer Geschichte einmaliger Erfolg stehen
2571 6258 2696 6299 wird.
2616 6311 3562 6359 Wer solche Siege errungen hat wie Ihr,
2571 6363 3567 6406 meine deutschen Soldaten, wer durch so
2571 6407 3565 6453 furchtbare Rückschläge nie gebrochen
2573 6457 3565 6498 wurde, wer so heldenhaft duldet und leidet
2569 6501 3561 6550 wie unsere Heimat, wer so fleißig arbeitet
2567 6550 3563 6594 wie unser ganzes Volk, der ist nicht dem
2569 6593 3565 6641 Untergang geweiht, sondern zum Leben be-
2571 6642 3560 6687 stimmt! Deshalb ist auch meine Zuversicht
2569 6688 3168 6733 heute stärker als je zuvor.
2614 6755 3563 6804 Wir haben das schlimmste Jahr unserer
2570 6802 3561 6851 Rückschläge, in dem wir von allen unse-
2569 6851 3562 6896 ren Verbündeten in Europa so gut wie ver-
2568 6897 3560 6942 lasen worden sind, am Ende trotzdem er-
2565 6942 3561 6986 folgreich überstanden. Weltmächte mühen
2567 6989 3561 7033 sich nun seit Jahren vergeblich, das Deut-
2566 7034 3555 7080 sche Reich zum Einsturz zu bringen. In
2569 7081 3561 7125 den ehemals verbündeten heute aber ver-
2567 7126 3560 7171 ratenen Ländern regen sich ebenfalls über-
2568 7174 3557 7218 all die Erkenntnisse, daß dieser Kampf eine
2563 7221 3556 7264 Auseinandersetzung auf Leben und Tod be-
2564 7265 3552 7310 deutet und daß keine Nation der klaren
2563 7312 3554 7359 Entscheidung zu entweichen vermag. Es
2566 7359 3555 7403 offenbart sich aber auch an jeder Stelle die
2567 7403 3552 7451 Hohlheit und Phrasenhaftigheit der Ver-
2563 7453 3553 7499 sicherungen unserer Gegner. Wo sie ein
2562 7499 3551 7546 Gebiet besetzen, zerbricht die Ordnung und
2564 7544 3553 7592 das Chaos kehrt ein. Die Demokratie
3608 4116 4613 4163 ist unfähig, auch nur die kleinste Auf-
3615 4163 4612 4208 gabe auf diesem Kontinent zu lösen. Ihrem
3614 4208 4610 4254 politischen Anarchismus folgt das
3609 4257 4611 4300 wirtschaftliche Chaos, und neben
3613 4304 4612 4346 beiden einher schreitet die Not. Die „be-
3610 4349 4609 4392 freiten“ Gegenden Europas verlieren daher
3609 4397 4611 4439 allerdings die deutsche Ordnung, aber sie
3614 4441 4612 4484 gewinnen dafür die internationale Arbeits-
3608 4487 4610 4533 losigkeit mit dem üblichen Hunger und
3611 4534 3755 4575 Elend.
3652 4611 4609 4659 Denn dieser dicht besiedelste Kontinent
3610 4661 4609 4704 der Welt kann nur leben unter planmäßiger
3608 4709 4607 4750 Auswertung aller seiner individuellen
3606 4753 4608 4795 Energien, aber auch unter stärkster
3603 4799 4604 4844 Bezwingung der egoistischen
3610 4843 4604 4890 Triebe Um die Behandlung dieses Pro-
3608 4891 4608 4936 blems haben sich nur zwei Führungen in
3606 4937 4606 4983 Europa ehrilch bemüht, die national-
3603 4986 4604 5030 sozialistische in Deutschland und die
3602 5029 4607 5075 faschistische in Italien. Wie seh  ber
3599 5072 4601 5122 die Lösung dieser Fragen gerade in
3601 5124 4605 5170 Deutschland gelungen ist, beweist am besten
3602 5167 4603 5213 die Ordnung, die wir selbst unter den
3602 5216 4596 5260 schwersten Belastungen noch im sechsten
3600 5259 4050 5305 Kriegsjahr besitzen.
3646 5342 4596 5387 Ich werde bestrebt sein, meine Soldaten,
3605 5389 4596 5433 dafür zu sorgen, daß im Innern durch die
3598 5431 4597 5481 Führung und Tatkraft der Partei Euer
3604 5483 4596 5525 Kampf unterstützt, die Nation mit dem Le-
3599 5529 4597 5571 bensnotwendigen versorgt wird und alle
3599 5574 4598 5619 Destrukteure, gleich welcher Art sie
3600 5621 4603 5664 sind und in velcher Stellung sie sich be-
3598 5667 4594 5711 finden mögen, vernichtet werden. Von
3603 5714 4596 5757 Euch aber erwarte ich, daß Ihr mehr noch
3594 5760 4596 5803 als bisher gerade im sechsten Jahre des
3598 5805 4598 5850 Kampfes auf Leben und Tod Eure Pflicht
3597 5853 4597 5896 erfüllt, daß sich Offiziere und Männer der
3598 5900 4595 5941 gesamten Wehrmacht, des Heeres, der Ma-
3595 5946 4592 5992 rine, der Luftwaffe und die der Waffen-SS
3597 5989 4596 6036 bewußt sind, daß von ihrem Einsatz Sein
3594 6037 4587 6083 oder Nichtsein unseres Volkes abhängen,
3595 6083 4596 6129 daß alle die anderen Organisationen, an der
3593 6128 4595 6176 Spitze der neugeschaffene Volkssturm, der
3595 6177 4597 6222 Reichsarbeitsdienst sowie die übrigen der
3594 6220 4595 6267 Wehrmacht unterstellten Verbände der Be-
3594 6270 4595 6314 wegung sowie die in der kämpfenden oder
3594 6316 4591 6361 verteidigenden Front befindlichen Frauen
3594 6361 4594 6408 und Mädchen sich diesem Eurem Vorbild
3595 6409 3865 6451 anschließen.
3637 6484 4590 6533 Denn das Jahr 1945 wird von uns das
3593 6534 4589 6582 Aeußerste an Mut und Tatkraft for-
3596 6580 4588 6627 dern, allein, es wird auch zugleich das
3592 6625 4592 6674 Jahr einer geschichtlichen Wende
3592 6674 4590 6720 sein. Die mit uns marschierenden Soldaten
3592 6718 4587 6766 der verbündeten europäischen Regierungen
3591 6767 4588 6813 und Völker stellen Keimzellen dar für
3593 6811 4584 6858 den Wiederaufbau eines Kontinents,
3592 6856 4587 6906 der unsere gemeinsame Heimat ist, in dem
3592 6907 4586 6952 unsere Vorfahren lebten, in dem sie durch
3594 6952 4585 6997 Jahrtausende um ihr Schicksal gerungen
3589 6996 4583 7046 haben und den sie heute verteidigen bis in
3591 7044 3796 7084 den Tod.
3637 7129 4583 7176 Der Allmächtige, der unser Volk in
3588 7175 4580 7223 seinem bisherigen Lebenskampf geleitet und
3590 7223 4583 7270 nach Verdienst gewogen, belohnt
3588 7265 4581 7318 oder verurteilt hat, soll dieses Mal eine
3589 7311 4579 7362 Generation vorſinden, die seines Segens
3587 7361 4575 7409 würdig ist. Die unvergängilchen Zeugen
3586 7407 4577 7457 dafür aber seid Ihr, meine deutschen Sol-
3587 7453 4573 7507 daten, in den vergangenen Jahren gewesen.
3585 7500 4579 7554 Ihr werdet das erst recht in den
3583 7547 4343 7598 kommenden Jahren sein!
4621 6220 5628 6293 Freiheit und Leben - oder Knecht-
4689 6292 5137 6353 schaft und Tod
4674 6385 5620 6439 Ich möchte nun demgegenüber an der
4625 6428 5617 6485 Wende eines Jahres, das uns genügend Ge-
4622 6475 5623 6534 legenheit geboten hat, den Beweis dafür zu
4621 6522 5621 6580 liefern, daß dieses Volk und dieser Staat
4619 6572 5621 6627 und seine führenden Männer unerschütter-
4617 6617 5621 6673 lich sind in ihrem Willen und unbeirrbar in
4622 6665 5618 6723 ihrer fanatischen Entschlossenheit, den Krieg
4618 6710 5619 6768 Krieg unter allen Umständen erfolgreich
4621 6759 5618 6815 durchzukämpfen, auch unter Inkaufnahme
4618 6806 5615 6860 aller durch die Tücken des Schicksals uns
4616 6854 5620 6910 auferlegten Rückschläge, noch einmal das
4618 6897 5622 6957 feststellen, was sich für uns aus der Ver-
4621 6949 5620 7001 gangenheit und Gegenwart ergibt und für
4614 6992 5614 7049 die Zukunft zu wissen für alle Welt not-
4619 7041 4871 7087 wendig i t:
4656 7098 5619 7156 1. Wir kennen aus der Vergangenheit und
4616 7145 5616 7205 Gegenwart die Ziele unserer Feinde.
4613 7191 5619 7248 Was die britisch-amerikanischen Staats-
4613 7240 5609 7295 männer mit dem Deutschen Reich vor-
4612 7285 5614 7343 haben, was die bolschewistischen Macht-
4613 7332 5611 7389 haber und letzten Endes die hinter allem
4614 7381 5607 7438 stehenden internationalen Juden als Maß-
4613 7430 5603 7485 nahmen gegen das deutsche Volk beabsich-
4610 7475 5603 7534 tigen ist uns bekannt. Ihre erfolgreiche
4611 7519 5605 7580 Durchführung würde nicht nur die völlige
4608 7569 5603 7632 Zerreißung des Deutschen Reiches, den Ab-
