5159 7295
514 1116 2337 1231 DAS NATIONALSOZIALISTISCHE
2977 1134 4827 1237 KAMPFBLATT NORDWESTBADENS
505 1283 2329 1328 Verlag u. Schriftleitung: Mannheim, R 3, 14/15. Fernſpr.⸗Sammel⸗Nr. 354 21. Das „Hakenkreuz⸗
502 1320 2323 1363 banner“ Ausgabe A erſcheint wöchtl. 12 mal. Bezugspreiſe: Frei Haus monatl. 2.20 ℛℳ. u. 50 Pf.
497 1355 2328 1398 Trägerlohn: durch die Poſt 2.20 ℛℳ. (einſchl. 63,6 Pf. Poſtzeitungsgebühr) zuzügl. 72 Pf. Beſtell⸗
503 1392 2328 1432 geld. Ausgabe B erſch. wöchtl. 7 mal. Bezugspreiſe: Frei Haus monatl. 1.70 ℛℳ. u. 30 Pf. Träger⸗
500 1428 2325 1469 lohn: durch die Poſt 1.70 ℛℳ. (einſchl. 49,28 Pf. Poſtzeitungsgebühr) zuzügl. 42 Pf. Beſtellgeld.
498 1460 2317 1504 Iſt die Zeitung am Erſcheinen (auch d. höh. Gewalt) verhind., beſteht kein Anſpr. auf Entſchädigung.
2990 1292 4851 1335 Anzeigen: Geſamtauflage: Die 12 geſpalt. Millimeterzeile 15 Pf. Die 4 geſpalt. Millimeterzeile
2989 1330 4852 1372 im Textteil 60 Pf. Mannheimer Ausgabe: Die 12 geſpalt. Millimeterzeile 10 Pf. Die 4 geſpalt
2987 1365 4851 1407 Millimeterzeile im Textteil 45 Pf. Schwetzinger und Weinheimer Ausgabe: Die 12 geſpalt. Milli⸗
2984 1402 4855 1442 meterzeile 4 Pf. Die 4 geſpaltene Millimeterzeile im Textteil 18 Pf. — Zahlungs⸗ und Er⸗
2985 1436 4856 1479 füllungsort: Mannheim. Ausſchließlicher Gerichtsſtand: Mannheim. Poſtſcheckkonto: Ludwigs⸗
2983 1472 4852 1520 hafen a. Rh. 4960. Verlagsort Mannheim. — Einzelverkaufspreis 10 Pfennig.
482 1524 1017 1592 Sonntag-Ausgabe
1997 1542 3499 1614 7. Jahrgang MANNHEIM A/Nr. 539 B/Nr. 321
3918 1545 4852 1613 Mannheim, 21. November 1937
476 1802 4866 2180 Fapan faßt alle Kräfte der Nation zuſammen
1159 2230 4157 2366 Der Sinn der Errichtung des Kaiſerlichen Hauptquartiers
472 2476 4851 2660 Organisierter Waffenschmugel für Valencia/Wieder Sowjet-Diplomaten verschwunden
849 2780 1466 2834 Tokio, 20. Nov. (HB⸗Funk)
509 2853 1516 2913 Mit der Errichtung des „Kaiſerlichen Haupt⸗
468 2922 1515 2975 quartiers“ ſind, wie amtlich bekannt gegeben
467 2985 1516 3040 wird, das Kriegs⸗ und das Marineminiſterium
465 3050 1517 3103 zu einer „Oberſten Kriegsverwaltungsbehörde“
470 3114 1512 3167 zuſammengefaßt worden. Dieſe Behörde wird
467 3177 1512 3231 unter der Leitung der beiden Miniſter als bera⸗
466 3242 1511 3295 tendes Organ zur Durchführung aller vom
470 3299 1511 3362 Hauptquartier geforderten Maßnahmen einge⸗
469 3367 1509 3424 ſetzt werden. Ferner wird bekannt gegeben, daß
470 3430 1510 3487 das Kaiſerliche Hauptquartier zunächſt für die
469 3493 1508 3548 Dauer des Krieges eingerichtet worden iſt. Man
462 3558 1510 3614 hebt an zuſtündiger Stelle hervor, daß die Ver⸗
464 3622 1507 3675 einigung der beiden oberſten Kommandoſtellen
466 3687 1510 3738 unter dem Kaiſer dazu berufen iſt, die Durch⸗
468 3749 1508 3801 führung dieſes Krieges auch bei einer längeren
468 3812 923 3866 Dauer ſicherzuſtellen.
498 3882 1507 3938 Die Agentur Domei meldet, daß im Kaiſer⸗
462 3942 1504 3992 lichen Hauptquartier ein Preſſebüro eingerichtet
463 3996 1499 4044 werden wird, das zwei Abteilungen umfaßt.
462 4046 1503 4098 Die Abteilung „Heer“ ſoll von Oberſt Ma⸗
460 4099 1504 4148 maru Hara, dem Leiter der Preſſeabteilung
456 4151 1503 4202 im Kriegsminiſterium, und die Abteilung „Ma⸗
456 4203 1499 4251 rine“ von Konteradmiral Kiyoſchi Noda,
457 4254 1500 4305 dem Leiter der Preſſeabteilung im Marinemini⸗
457 4308 1002 4357 ſterium, geführt werden.
1621 2788 2624 2835 Inzwiſchen landen die Japaner immer neue
1579 2838 2623 2889 Truppen in Schanghai. Der Nachſchub an die
1578 2890 2619 2936 Front nimmt ſtändig größere Ausmaße an.
1579 2942 2624 2989 Gleichzeitig werden anſcheinend auch erhebliche
1576 2991 2624 3041 japaniſche Truppenmengen am Südufer des
1573 3040 2629 3092 Jangtſe ins Land geworfen. Am Samstagvor⸗
1571 3093 2624 3142 mittag wurden in und bei Schanghai nicht we⸗
1568 3147 2623 3193 niger als 80 japaniſche Truppentrans⸗
1570 3198 2075 3245 portſchiffe gezählt.
1623 3264 2620 3321 Nach Meldungen aus Nanking ſcheint die
1571 3324 2621 3372 Zentralregierung ihre urſprüngliche Abſicht, die
1573 3376 2621 3423 Hauptſtadt unter allen Umſtänden zu verteidi⸗
1570 3427 2623 3475 gen, wieder aufgegeben zu haben. Manche An⸗
1572 3475 2618 3530 zeichen deuten darauf hin, daß Marſchall
1568 3527 2612 3580 Tſchiangkaiſchek einen allgemeinen ſtrategiſchen
1570 3578 2618 3630 Rückzug vorbereite, um das Gros ſeiner Streit⸗
1564 3629 2072 3686 kräfte intakt zu halten.
1612 3730 2555 3803 Nanking nicht mehr Regierungsſitz
1816 3822 2566 3875 Schanghai, 20. Nov. (HB⸗Funk.)
1609 3896 2618 3951 Die chineſiſche Regierung gibt nunmehr offi⸗
1568 3963 2611 4015 ziell bekannt, daß ſie ihren Sitz nach Tſchung⸗
1563 4019 2544 4079 king in der Provinz Szetſchuan verlegt hat.
2681 2792 4854 2960 Eine ernste Frage an Deutschland
3369 2993 4155 3053 Von Dr. Johann von Leers
2726 3093 3732 3149 Die rumäniſche Zeitung „Neamul ro⸗
2680 3150 3731 3202 manesc“, das Blatt des bekannten Politikers
2680 3200 3729 3255 und Hiſtorikers Prof. Jorga, bringt nach
2679 3247 3732 3307 einer Meldung der „Deutſchen Tages⸗
2675 3304 3727 3357 zeitung“ in Rumänien vom 17. November
2674 3352 3726 3409 dieſes Jahres die folgenden, ſehr ernſten Aus⸗
2677 3404 2925 3456 führungen:
2723 3460 3725 3513 „Man könnte annehmen, daß zwiſchen dem
2673 3511 3723 3566 nationalſozialiſtiſchen Regime, das ſich als
2681 3561 3726 3617 „iudenfrei“ erklärt, und unſeren Nöten als ein
2673 3617 3724 3669 von Juden, bedrängtes Volk inſoweit Bezie⸗
2674 3665 3721 3721 hungen beſtehen ſollten, als der rumäniſche
2676 3719 3729 3773 Handel ſich Deutſchland zuwenden könnte. In
2676 3769 3726 3827 Wirklichkeit iſt dem keineswegs ſo. Ein gut⸗
2675 3821 3726 3875 informiertes rumäniſches Blatt bringt die er⸗
2673 3876 3727 3928 ſtaunliche Nachricht, daß die Vertretungen reichs⸗
2675 3925 3722 3979 deutſcher Firmen in Rumänien faſt ausſchließ⸗
2675 3979 3722 4031 lich in jüdiſchen Händen ſind. Die Juden ſind
2674 4029 3722 4083 die Agenten, durch die die deutſche Ware mit
3786 3105 4844 3159 uns in Berührung kommt. In ihren Händen
3783 3153 4845 3209 liegt auch die Entſcheidung hinſichtlich der Be⸗
3788 3208 4843 3263 ſtellungen bei der deutſchen Induſtrie. Ja, ſo⸗
3786 3261 4844 3314 gar die Vertreter des deutſchen Filmweſens ſind
3788 3313 4842 3367 Juden. Wenn ſich die Dinge ſo verhalten, frägt
3786 3365 4843 3419 es ſich, wie es möglich iſt, daß ein großes Volk,
3782 3415 4840 3471 das auf dem Gebiet der Raſſenfrage einen ſo
3780 3466 4845 3522 radikalen Kampf führt, ſich ſolcher Genoſſen be⸗
3781 3516 4840 3574 dienen kann, die dem rumäniſchen Volk eine
3784 3573 4395 3621 neue Sklaverei auferlegen.“
3829 3620 4840 3680 Was dieſe rumäniſche Zeitung ausſpricht,
3791 3675 4836 3731 kann man immer wieder von einſichtigen und
3784 3724 4843 3781 verſtändigen Ausländern hören. Wer etwa Be⸗
3787 3779 4840 3832 ziehungen nach Bulgarien hat, bekommt von
3786 3828 4840 3884 bulgariſcher Seite die gleichen Klagen, daß
3780 3881 4843 3936 weſentliche Teile der deutſchen Wirtſchaft dort
3787 3932 4842 3990 durch Juden vertreten ſind. Das ſcheint auch
3785 3987 4845 4041 in Südſlawien in gewiſſem Umfang zu⸗
3792 4038 3993 4088 zutreffen.
3831 4090 4842 4143 Mehrfach iſt von verantwortlichen Männern
3782 4143 4846 4197 des nationalſozialiſtiſchen Staates darauf hin⸗
3787 4196 4841 4249 gewieſen worden, daß man in der Wirtſchaft
3782 4248 4839 4303 endlich dazu übergehen ſolle, der Vertretung
3783 4298 4837 4353 deutſcher Firmen durch Juden ein Ende zu
3781 4350 4842 4406 machen; aber offenbar iſt es noch nicht ſo ſehr
3779 4404 4247 4451 viel beſſer geworden.
3825 4454 4839 4508 Es müſſen hier ein paar Tatſachen ganz klar
3782 4508 4840 4560 ausgeſprochen werden. Einmal iſt es ein glatter
3784 4560 4839 4612 Irrtum, anzunehmen, daß der jüdiſche Vertre⸗
3780 4612 4838 4663 ter mehr Geſchäfte hereinholen werde als der
3778 4662 4836 4718 deutſche. Je ſtärker auf der Welt die Abneigung
3781 4716 4837 4766 gegen die Juden ſteigt, um ſo geringer wird
3778 4766 4832 4818 die Beliebtheit eines jüdiſchen Vertreters ſein.
3778 4818 4839 4870 Gerade er bekommt wichtige Aufträge nicht. Das
3780 4870 4839 4922 gilt beſonders für Rumänien und für die ſla⸗
3778 4921 4838 4977 wiſchen Länder. In Rumänien ſteigt eine außer⸗
3778 4974 4838 5026 ordentlich ſtarke judengegneriſche Welle; das
3779 5025 4834 5077 gleiche iſt in Polen der Fall. In Bulgarien und
3777 5076 4832 5130 Südſlawien beſteht im Volke eine alte, geſunde,
3776 5130 4835 5181 urwüchſige Abneigung gegen den Juden; nicht
3776 5181 4834 5232 umſonſt ſagt ein bulgariſches Volksmärchen,
3773 5232 4832 5283 daß, wenn ein bulgariſches Mädchen mit einem
3776 5285 4838 5336 getauften Juden zur Kirche geht, das Chriſtus⸗
3775 5336 4836 5388 bild weint, die Türen der Kirche ſich von ſelber
3776 5386 4830 5441 ſchließen und alle Prieſter in der Kirche zu
3775 5437 4835 5491 Stein werden. So lebhaft wird hier im Volke
3775 5490 4831 5544 der Gegenſatz noch empfunden. Der ſüdſlawiſche
3775 5544 4832 5596 wie der bulgariſche Bauer, aber auch der größte
3774 5592 4832 5647 Teil der gebildeten Schicht, die noch tief in der
3774 5643 4832 5699 bäuerlichen Heimaterde verwurzelt iſt, hat eine
3768 5698 4832 5751 inſtinktſichere Abneigung gegen den Juden. Wir
3772 5749 4831 5804 Deutſche machen uns vor ſolchen Menſchen
3770 5799 4831 5856 lächerlich und verächtlich, wenn wir Juden als
3772 5852 4826 5906 Vertreter deutſcher Wirtſchaft in dieſe Länder
3773 5906 4825 5960 ſchicken. Wir erwecken geradezu den Verdacht,
3771 5958 4834 6013 daß man uns ſagt: „Bei euch werft ihr die Ju⸗
3771 6007 4828 6064 den heraus, weil ſie euch betrügen — und zu
3771 6060 4827 6115 uns ſchickt ihr die Juden, doch offenbar, damit
3768 6111 4829 6168 ſie uns betrügen ſollen!“ Das ſind Aeuße⸗
3769 6166 4827 6221 rungen, die man mehr oder minder deutlich zu
3773 6217 4823 6272 hören bekommt, wenn das Geſpräch dieſes
3767 6269 4828 6322 Thema berührt. Daß die Wirtſchaft eines Staa⸗
3767 6320 4827 6376 tes, der nationalſozialiſtiſch iſt, im Auslande
3764 6373 4825 6428 nicht durch Juden repräſentiert werden darf,
3761 6425 4823 6481 müßte eigentlich ſelbſtverſtändlich ſein. Da die⸗
3768 6476 4817 6532 ſes Ideal aber noch nicht erreicht iſt, muß nun mit
3760 6529 4821 6584 allem Ernſt die Frage angeſchnitten werden, wann
3763 6581 4821 6637 endlich der letzte jüdiſche Auslandsvertreter un⸗
3760 6629 4486 6685 ſerer Wirtſchaft verſchwunden iſt.
3809 6684 4818 6744 Man wird dagegen einwenden, daß nicht
3759 6737 4816 6795 genug Deutſche vorhanden ſind, die ausreichend
3759 6785 4809 6849 ſprach⸗ und marktkundig ſind. Das mag hier
583 4431 1351 4525 Strategiſcher Rückzug?
633 4542 1442 4592 EP. Schanghai, 20. Nov. (Eig. Ber.)
501 4616 1497 4667 Nach einer kurzen, durch die Wetterverhält⸗
456 4672 1494 4720 niſſe bedingten Pauſe ſetzten die japaniſchen
460 4722 1492 4769 Streitkräfte am Samstagvormittag weſtlich von
458 4772 1493 4826 Schanghai wieder zum Angriff an und erober⸗
458 4823 1496 4872 ten die Orte Fuſchun und Tſchangtſchu, beides
457 4875 1487 4928 ſtarke chineſiſche Stellungen nordweſtlich von
458 4926 1490 4978 Schanghai, von denen die unmittelbar am
460 4981 1492 5030 Jangtſe gelegene Stadt Fuſchun zur Feſtung
455 5035 982 5082 ausgebaut worden war.
625 6610 1293 6661 Fahnenübergabe an die Luftwaffe
447 6660 1484 6707 Der Oberbefehlshaber der Luftwaffe. Generaloberst
447 6703 1488 6750 Göring, während der feierlichen Uebergabe von Fah-
446 6745 1483 6790 nen an die Luftwaffe auf dem Fliegerhorst in Gatow
449 6783 1481 6835 bei Berlin Weltbild (M)
1765 4226 3514 4369 Aus Algerien eingeſchleppt
1610 4381 3671 4463 Frankreich gesteht seine Schuld an der Verbreitund der
2131 4468 3149 4542 Maul- und Klauenseuche ein
2096 4587 2559 4636 DNB Paris, 20. Nov.
1599 4647 2607 4701 Die ſich in Frankreich immer ſtärker ausbrei⸗
1556 4709 2607 4766 tende Maul⸗ und Klauenſeuche, die bereits zu
1552 4775 2605 4832 einer weitgehenden Beunruhigung geführt hat,
1554 4836 2604 4894 veranlaßte mehrere Senatsmitglieder aus vor⸗
1550 4901 2606 4955 nehmlich landwirtſchaftlichen Bezirken, in Inter⸗
1553 4966 2601 5020 pellationsanträgen zu fragen, welche Maßnah⸗
1549 5028 2606 5083 men der Landwirtſchaftsminiſter zu ergreifen
1551 5094 2608 5147 gedenke. Die Herden ſeien infolge der Einfuhr
1551 5156 2610 5211 von verdächtigem aus Algerien angeſteckt
1549 5220 1732 5269 worden.
2712 4590 3721 4643 Dieſe Einfuhr ſei in einigen Departements
2666 4653 3720 4707 durch miniſterielle Verordnung vom 12. Juni
2668 4715 3723 4771 1937 genehmigt worden, ohne daß dabei die
2667 4774 3719 4835 in der genannten Verordnung vorgeſehenen
2668 4840 3684 4898 Vorbeugungsmaßnahmen angewandt wurden.
2717 4914 3718 4977 Ein anderes Senatsmitglied interpellierte
2663 4969 3717 5027 hinſichtlich der Umſtände, die die Verbreitung
2666 5021 3720 5078 der Maul⸗ und Klauenſeuche, vor allem im El⸗
2669 5072 3716 5131 ſaß, ermöglicht und ſogar begünſtigt hätten, und
2663 5123 3715 5184 fragt, welche Maßnahmen die Regierung tref⸗
2668 5177 3719 5236 fen werde, um die Bauern gegen die Wiederho⸗
2662 5228 3618 5287 lung eines derartigen Unglücks zu ſchützen.
1553 5404 3717 5571 Aus dem Felde der Arbeit gefallen
1872 5586 3370 5672 Sechs verschüttete Bergleute aufgegeben
1817 5711 2550 5763 Hindenburg, 20. Nov. (HB⸗Funk)
1591 5786 2600 5838 Der Revierbeamte des Bergreviers Gleiwitz⸗
1540 5844 2599 5905 Süd gab am Freitag über den Stand der Ber⸗
1548 5914 2599 5965 gungsarbeiten auf dem Oſtfeld der Königin⸗
1544 5972 2350 6027 Luiſe⸗Grube folgenden Bericht aus:
1593 6041 2597 6092 „Trotz der größten Anſtrengungen iſt es bis⸗
1543 6104 2600 6156 her nicht gelungen, die auf der Zechenanlage
1545 6168 2594 6221 Oſtfeld der Königin⸗Luiſe⸗Grube nach dem Ge⸗
1545 6231 2599 6285 birgsſchlag am 17. November vermißten ſechs
1545 6294 2600 6349 Bergleute aufzufinden. Es muß daher leider
1546 6357 2598 6413 damit gerechnet werden, daß ſie nicht mehr am
1546 6419 2591 6475 Leben ſind. Die Bergungsarbeiten werden in
1544 6483 2272 6539 der bisherigen Weiſe forgeſetzt.“
1589 6558 2591 6618 Nach dieſem amtlichen Bericht muß jede Hoff⸗
1546 6616 2595 6667 nung aufgegeben werden, auch nur einen der
1543 6668 2595 6720 ſechs Bergknappen, die in treuer Pflichterfül⸗
1542 6720 2592 6773 lung ihrer Arbeit nachgingen, lebend zu bergen.
1542 6772 2597 6827 Ein hartes Geſchick hat ſie aus der Mitte ihrer
2659 5714 3710 5774 Angehörigen und aus den Reihen ihrer Ar⸗
2661 5767 3708 5827 beitskameraden geriſſen. Sie ſind im Dienſte
2661 5822 3709 5878 an der Volksgemeinſchaft auf dem Felde der
2659 5869 3707 5931 Arbeit gefallen. Von den toten Bergknappen
2652 5925 3267 5979 waren fünf Familienväter.
2706 5995 3709 6055 Das für die Rettungsarbeiten außerordent⸗
2660 6048 3709 6107 lich gefährliche Vordringen in den durch die
2661 6100 3706 6159 feſte Kohle vorgetriebenen Suchſtollen iſt am
2660 6154 3709 6212 Samstag eingeſtellt worden. Die Bergungs⸗
2656 6208 3706 6265 mannſchaften ſind aus dem Pfeiler, in dem ge⸗
2661 6258 3708 6315 knickte Stempel und Geſteinsmaſſen ein unüber⸗
2662 6311 3705 6368 ſehbares Gewirr bilden, zurückgezogen worden,
2658 6364 3706 6420 um nicht noch weitere Arbeitskameraden zu ge⸗
2659 6413 3706 6470 fährden. Die Bergungskolonne iſt nun an der
2658 6467 3706 6523 Hauptſtrecke, in der ſich die Einſturzſtelle befin⸗
2656 6521 3702 6575 det, eingeſetzt und räumt planmäßig den langen
2657 6572 3704 6626 Pfeiler aus, um die ſterblichen Ueberreſte der
2659 6621 3705 6679 Verunglückten zu bergen. Dieſe langwierige
2652 6673 3709 6730 Arbeit wird Tage in Anſpruch nehmen, weil
2655 6726 3703 6783 ſie unter Beachtung aller Vorſichts⸗
2655 6781 3657 6838 maßnahmen vorgenommen werden muß.
