5188 7294
469 298 1147 368 „Haken reuzbanner“
2164 238 3125 385 HB-Briefkaſten
4140 342 4845 406 Sonntag, 21. November 1937
517 474 1436 589 Fragen und Antworten
460 609 1085 675 Urlaubs- und Lohnfragen
491 681 1497 732 85. Der Stundenlohn eines Schloſſergeſellen über 25
456 721 1493 773 Jahren beträgt 0,90 Reichsmark. Bezüglich des Stun⸗
458 765 1495 814 denlohnes eines Elektro⸗Inſtallateurs beſteht augen⸗
458 806 1497 855 blicklich kein bindender tarif Sie wenden ſich daher
457 848 1494 897 zweckmäßig an die Rechtsberatung der Deutſchen Ar⸗
457 888 862 931 beitsfront in P 4, 4/5.
489 929 1494 979 K. St. Als Büroangeſtellter in einem Schiffahrtsbe⸗
455 971 1489 1022 trieb haben Sie nach neun Monate Tätigkeit Anſpruch
457 1013 1488 1061 auf ſechs Urlaubstage im Jahr, nach zwei Jahren auf
454 1056 1491 1103 acht, nach fünf Jahren auf zehn, nach ſieben Jahren
455 1098 1483 1144 auf zwölf und nach zehn Jahren auf 15 Arbeitstage.
456 1180 923 1241 Arbeitsvermittlung
482 1244 1489 1298 85. Als gelernter Elektro⸗Inſtallateur haben Sie un⸗
449 1289 1490 1340 ter gewiſſen Vorausſetzungen Ausſichten bei den uns
452 1334 1489 1379 genannten Behörden eingeſtellt zu werden. Genaue
451 1373 1488 1422 Auskunft erteilt das Arbeitsamt, Abteilung Vermitt⸗
448 1414 960 1457 lung (Zimmer 19) in M 3a.
455 1498 987 1563 Fürſorgeunterſtützung
477 1566 1488 1613 K. F. Sch. Mein Sohn genügt ſeit Oktober 1936 ſei⸗
448 1610 1486 1654 ner zweijährigen Dienſtpflicht. Habe ich als allein⸗
446 1651 1485 1697 ſtehende Mutter einen Anſpruch auf Unterſtützung und
445 1693 1482 1739 in welcher Höhe? — Antwort: Wenn Sie kein
443 1734 1485 1781 Einkommen haben und Ihr Sohn Ihr weſentlicher Er⸗
446 1775 1485 1820 nährer war, dann haben Sie ſelbſtverſtändlich einen
447 1818 1482 1862 Unterſtützungsanſpruch. Ueber die Höhe einer Ihnen
443 1859 1483 1905 etwa zu gewährenden Unterſtützung unterrichtet Sie
447 1902 1481 1947 gerne das Fürſorgeamt in R 5, Abteilung Familien⸗
445 1943 947 1985 unterſtützung, Zimmer 74a.
444 2012 1199 2075 Fürſorge für uneheliche Kinder
473 2079 1479 2128 A. S. M. Wenn Sie eine Frau heiraten, die zwei
443 2123 1479 2168 uneheliche Kinder in die Ehe mitbringt, ſo ſind Sie
442 2165 1478 2209 rechtlich nicht verpflichtet, für die Kinder, die bisher der
439 2206 1478 2251 Fürſorge zur Laſt fallen, aufzukommen. Daher kann
444 2249 1475 2291 eine Lohnpfändung bei Ihnen nicht vorgenommen
442 2289 1476 2333 werden. Die Angelegenheit hat aber vor allem eine
442 2332 1473 2375 moraliſche Seite, über die Sie ſich ſelber klar werden
443 2369 1468 2418 müſfen. Es darf mit der Möglichkeit gerechnet werden,
443 2415 1476 2459 daß in abſehbarer Zeit für derartige Fälle eine reichs⸗
442 2456 1474 2500 geſetzliche Entſcheidung herbeigeführt wird, die die Ver⸗
439 2498 1216 2542 pflichtungen eines Stieſvaters neu regelt.
443 2583 948 2643 Krankenkaſſenfragen
465 2650 1472 2698 M. 100. Sie können auch bei Ganzinvalidität im
438 2695 1474 2738 Falle einer Krankheit neben der Rente, wie jedes an⸗
436 2737 1473 2780 dere Kaſſenmitglied, Krankengeld beziehen und zwar
437 2776 1473 2822 bis zu einem halben Jahr. Während der Dauer eines
438 2818 1472 2861 Heilverfahrens in einer geſchloſſenen Anſtalt kann
437 2860 1470 2903 Ihnen ein Hausgeld bezahlt werden, daneben wird
436 2902 1470 2945 das Krankengeld von der betreffenden Kaſſe an die zu⸗
436 2942 1468 2986 ſtändige Landesverſicherungsanſtalt während der Dauer
434 2984 943 3022 des Heilverfahrens geleiſtet.
463 3025 1463 3068 St. 100. Betriebe, die unter 20 Perſonen beſchäftigen,
432 3067 1467 3109 unterliegen bezüglich des Krankenkaſſenbeitrages der
435 3108 1467 3150 Lohnſtufeneinteilung, wie dies bei der Mehrzahl der
435 3150 1466 3191 deutſchen Krankenkaſſen der Fall iſt. Daher waren Sie
432 3191 1462 3234 verpflichtet, ſich ergebende Lohnveränderungen jeweils
433 3232 1467 3276 zu melden. Sie werden demgemäß die geforderte Nach⸗
432 3274 1464 3317 zahlung bezahlen müſſen. Wennn von Ihren Arbeitern
433 3315 1464 3357 jemand krank war, ſo wird ihm ohne weiteres eine
434 3356 1464 3399 Nachzahlung gewährt, inſofern dieſe berechtigt iſt. Wir
430 3398 1462 3442 empfehlen Ihnen, bei der Allgemeinenn Ortskranken⸗
431 3438 1459 3485 kaſſe in dieſer Angelegenheit vorzuſprechen (Zimmer 16,
434 3481 821 3522 Kaſſenleiter Büchner).
429 3563 939 3625 Wir möchten heiraten
452 3633 1460 3681 212. Wenn Sie und Ihre Braut mütterlicherſeits die
431 3677 1457 3722 gleichen Urgroßeltern haben, ſo ſteht deshalb einer
429 3718 1459 3761 Heirat nichts im Wege. Genaue Auskunft darüber er⸗
430 3758 1459 3806 teilt Ihnen auch der SS⸗Sturmbann II/32 in Mann⸗
431 3801 623 3838 heim, M 4a.
431 3885 1202 3948 Ausbildung in der Geflügelzucht
456 3954 1454 3998 Pfl. Lützelſachſen. Mädchen, die ſich für die Ausbil⸗
429 3998 1453 4040 dung in der Geflügelzucht intereſſieren, wenden ſich
430 4038 1458 4083 zweckmäßig an den Leiter des Verſuchs⸗ und Lehrgutes
430 4080 1455 4125 der Landesbauernſchaft Baden, Diplomlandwirt Binal
430 4122 1455 4167 in Einach, Poſt Gengenbach. Von dort aus erhalten
430 4164 856 4205 Sie genaueſte Auskunft.
431 4248 1097 4309 Haftung des Automobiliſten
448 4319 1449 4360 J. H. Wie uns von gutunterrichteter Seite mitgeteilt
426 4358 1453 4401 wird, ſchützen Sie ſich am beſten gegen evtl. Forde⸗
426 4402 1449 4443 rungen von Perſonen, die Sie aus Gefälligkeit mit⸗
426 4444 1454 4485 ſahren laſſen, durch den Abſchluß einer Inſaſſen⸗Unfall⸗
424 4482 1451 4530 verſicherung oder aber Sie laſſen in Ihrem Wagen nie⸗
424 4527 762 4569 manden mitfahren.
425 4609 888 4668 Wir haben gewettet
446 4674 1438 4722 R. A. „Heute abend iſt ſchönes Wetter“. Wird abend
422 4721 1444 4763 dabei klein oder groß geſchrieben? — Antwort: In
422 4761 1388 4805 dieſem Falle wird „abend“ richtig klein geſchrieben.
424 4848 639 4905 Ahnenpaß
442 4912 1443 4957 A. P. 100. Weſentlich iſt, wo war der Geburtsort des
420 4955 1444 5001 Ahnen? Denn nach dem Geburtsort beſtimmt ſich das
419 4999 1448 5043 hierfür maßgebliche Landesrecht. Daß das unehelich ge⸗
419 5039 1440 5082 borene Kind im Jahre 1822 als „ehelich erzeugter
418 5081 1444 5125 Sohn“ getraut wurde, iſt kein Beweis dafür, daß es
420 5124 1444 5166 wirklich legitimiert worden iſt. Der Beweis der Legi⸗
420 5164 1443 5208 timation wird nur durch Vorlage der Heiratsurkunde
419 5206 1443 5248 der Kindeseltern erbracht. War der Geburtsort des
416 5245 1440 5292 Ahnen in Baden oder in der Pfalz oder im Rheinland,
418 5290 1442 5333 dann gilt ſolgendes: In dieſen Gebietsteilen galt bis
418 5331 1436 5373 zum Inkrafttreten des BGB, alſo bis zum 1. Januar
417 5372 1436 5413 1900, franzöſiſches Recht. Der bis dahin anzuwenden
417 5413 1438 5453 geweſene Artikel 331 code civil ſagt über die Legiti⸗
417 5455 1435 5496 mation unehelicher Kinder: „Uneheliche Kinder können
416 5497 1438 5537 durch die nachfolgende Ehe ihrer Eltern legitimiert
416 5539 1436 5579 werden, wenn dieſe ſie entweder vor ihrer Heirat ge⸗
416 5580 1432 5620 ſetzlich anerkannt haben, oder in der Heiratsurkunde
417 5621 1430 5663 ſelbſt anerkennen.“ Nach franzöſiſchem Recht waren
416 5664 1434 5705 alſo damals — und das iſt auch dort, wo es noch in
415 5705 1434 5744 anderen Staaten gilt, heute noch der Fall — zur Legi⸗
413 5746 1437 5789 timation eines unehelichen Kindes zwei Vorausſetzun⸗
416 5789 1433 5828 gen zu erfüllen: 1. die Anerkennung durch beide
414 5828 1428 5872 Eltern vor oder ſpäteſtens bei der Eheſchließung, 2. daß
412 5872 1432 5912 die Eltern des Kindes eine gültige Ehe eingingen.
412 5913 1431 5952 Hatte nun nach früherem franzöſiſchen Recht nur der
412 5954 1431 5994 Kindesvater das Kind anerkannt, oder war das Kind
412 5994 1430 6036 überhaupt nicht von ſeinen Eltern anerkannt worden,
412 6037 1432 6076 oder war die Anerkennung durch den Vater oder beide
413 6078 1435 6119 Eltern erſt nach deren Eheſchließung erfolgt, ſo war
411 6119 1432 6160 eine Legitimation des Kindes überhaupt nicht einge⸗
411 6161 1428 6203 treten. Das Kind hatte alſo nicht die rechtliche Stel⸗
411 6203 1430 6245 lung eines ehelichen Kindes. Für die Namensführung
409 6244 1430 6285 des Ahnen iſt ausſchlaggebend, ob der Kindesvater
411 6285 1429 6327 (Erzeuger) die Vaterſchaft anerkannt hat. Findet ſich
412 6327 1426 6367 im Kirchenbuch ein Vermerk, daß der Erzeuger ſich
412 6369 1429 6410 zum Vater bekannt — heute ſagt man: die Vaterſchaft
408 6412 1429 6451 anerkannt hat — dann führt in dieſem Falle nach dem
410 6453 1427 6490 früheren franzöſiſchen Recht das unehelich geborene
411 6493 1427 6534 Kind, ſofern ſeine Wiege in Baden oder in der Pfalz
411 6536 1425 6574 oder im Rheinland ſtand, den Familiennamen des Va⸗
409 6577 1427 6619 ters, ohne daß dadurch an der Unehelichkeit etwas ge⸗
409 6618 1429 6657 ändert wird. Findet ſich dagegen im Kirchenbuch kein
410 6659 1426 6700 derartiger Anerkennungsvermerk des Erzeugers, dann
410 6700 1424 6740 hätte der Urahne den Familiennamen der Mutter zu
410 6742 1424 6783 führen gehabt. Die Ehelichkeit des Urahnen infolge
410 6782 1424 6826 Legitimation wäre nach Obigem nur dann erwieſen,
409 6822 1425 6863 wenn die unter 1 und 2 genannten Vorausſetzungen
409 6866 1423 6909 erfüllt und wenn ſie urkundlich nachgewieſen werden.
1751 499 3527 667 Hausherr und Mieter fragen an
1591 686 2616 734 Mülleimer. Gibt es eine Vorſchrift, die beſagt, wie
1553 727 2613 776 weit entfernt der Mülleimer von der Haustür des
1553 769 2612 816 Nachbarn ſtehen darf? Ich fühle mich durch den Müll⸗
1552 814 2612 859 eimer des Nachbarn ſtark beläſtigt, da beim jeweiligen
1551 853 2612 899 Entleeren eine Wolke von Aſchenſtaub gegen die Haus⸗
1553 895 2613 943 türe meines Neubaues fliegt. Der Mülleimer ſteht nur
1550 938 2611 982 knapp drei Meter von der Haustür entfernt. — Ant⸗
1546 979 2608 1025 wort: Eine Vorſchrift dieſer Art iſt nicht bekannt.
1545 1018 2609 1064 Vielleicht können Sie durch eine Ausſprache mit Ihrem
1543 1058 2611 1110 Nachbarn eine gütliche Erledigung der Angelegenheit
1549 1100 1800 1145 herbeiführen.
1590 1154 2609 1199 H. F. Ich beſitze einen Neubau. Bei mir wohnt meine
1544 1193 2611 1241 kranke Mutter. Nach langem Drängen habe ich einem
1548 1236 2603 1280 Mieter erlaubt, ſeine Mutter zu ſich zu nehmen. Nun
1542 1275 2602 1323 wohnt dieſe über dem Zimmer meiner Mutter. Bei der
1544 1317 2605 1363 Art der Krankheit meiner Mutter führt dies bei ihr
1544 1361 2602 1405 zu einer Verſchlimmerung Ihres Krankheitszuſtandes.
1541 1401 2605 1446 Aus dieſem Grunde habe ich nun meinem Mieter, mit
1542 1440 2605 1488 dem ich keinen Vertrag habe, gekündigt. Er will die
1544 1479 2599 1529 Kündigung nicht anerkennen, weil vereinbart worden
1544 1524 2600 1571 ſei, daß über die Wintermonate nicht gekündigt werden
1542 1564 2604 1612 dürfe. Eine ſolche Vereinbarung iſt aber niemals zu⸗
1543 1605 2599 1655 ſtandegekommen. Was muß ich nun tun? — Ant⸗
1541 1647 2603 1694 wort; Es bleibt Ihnen in dieſem Falle nur die Klage
1539 1690 2595 1737 auf Räumung übrig. Ihrem Mieter ſtehen, da es ſich
1540 1732 2599 1776 um eine Neubauwohnung handelt, die Beſtimmungen
1539 1771 2602 1817 des Mieterſchutzgeſetzes nicht zur Seite. Wenn eine Ver⸗
1537 1813 2600 1858 einbarung darüber, daß über die Wintermonate nicht
1536 1858 2599 1901 gezogen werden darf, nicht ſchriftlich feſtgelegt worden
1537 1896 2600 1941 iſt, muß Ihr Mieter die Kündigung anerkennen. Tut er
1537 1937 2600 1985 das nicht, ſo fallen ihm die durch eine Räumungsklage
1535 1977 2100 2023 entſtehenden Koſten zur Laſt.
1575 2028 2598 2080 A. Z. Ihr Vertrag hat ſelbſtverſtändlich noch Gültig⸗
1534 2068 2595 2121 keit. Demzufolge hat Ihr Mieter gemäß dem Vertrag
1534 2111 2600 2161 die Hausordnung einzuhalten. Tut er das nicht, ſo
1535 2154 2601 2203 können Sie wegen Nichteinhaltung des Vertrages kün⸗
1535 2197 2595 2244 digen, ſelbſt dann, wenn die Wohnung den Mieter⸗
1534 2238 2594 2284 ſchutzbeſtimmungen unterliegen würde. Sie können da⸗
1535 2277 2592 2328 her zu Recht von Ihrem Mieter die geforderte Reini⸗
1534 2323 1845 2362 gung verlangen.
1569 2370 2592 2421 A. O. Schwetzingen. Ohne genaue Kenntnis des be⸗
1533 2415 2598 2463 ſtehenden Vertrages laſſen ſich Ihre Fragen nicht ſo
1531 2457 2591 2504 ohne weiteres beantworten. Ihr Schwiegerſohn hätte
1532 2497 2589 2546 vor allen Dingen ſich das Vorkaufsrecht an dieſem
1535 2539 2589 2587 Haus notariell beglaubigen laſſen und dieſes auch in
1532 2581 2594 2628 den Mietvertrag aufnehmen ſollen. Die mündliche Ver⸗
1529 2622 2591 2669 einbarung genügt gemäß dem BGB in dieſem Falle
1530 2663 2589 2713 nicht. Der bisherige Hausbeſitzer hat auf alle Fälle
2668 701 3719 743 gegen den Geiſt der Gemeinſchaft verſtoßen, von dem
2668 742 3721 786 das Mietrecht im nationalſozialiſtiſchen Staat getragen
2669 782 3720 828 iſt. Wennn ſich die genannnte Amortiſationszeit von
2666 822 3720 869 20 Jahren auf die Koſten der Verbeſſerungsarbeiten
2667 866 3723 909 und der Inſtandſetzung bezieht, dann muß der neue
2669 905 3718 952 Hausbeſitzer eine Rückvergütung in der Höhe leiſten,
2665 948 3724 992 wie Ihnen dieſe noch geſchuldet wird. Trifft dieſe An⸗
2667 990 3717 1034 nahme nicht zu, dann hat Ihr Schwiegerſohn einen
2665 1030 3720 1077 Anſpruch auf Erſatz, wenn das Haus infolge der durch
2662 1071 3718 1117 Ihren Schwiegerſohn vorgenommenen baulichen Ver⸗
2664 1112 3720 1157 beſſerungen eine erhebliche Wertſteigerung erfahren hat.
2664 1154 3719 1198 Auf alle Fälle bleiben die elektriſche Lichtanlage und
2665 1196 3718 1240 etwa aufgeſtellte Inſtallationen ſein Eigentum. Ihr
2663 1236 3713 1280 Schwiegerſohn wendet ſich in dieſer Angelegenheit am
2663 1275 3717 1323 beſten an ſeine Organiſation oder an einen dem NS⸗
2665 1318 3715 1364 Rechtswahrerbund angehörenden Rechtswahrer, für den
2666 1359 3715 1406 Fall, daß eine gütliche Einigung nicht möglich ſein
2661 1399 2773 1439 ſollte.
2652 1493 3081 1561 Baukoſtenfragen
2700 1579 3712 1625 T. O. Ich möchte mir ein Haus bauen laſſen und
2660 1622 3713 1667 zwar „ſchlüſſelfertig“, wobei vorher in Bezug auf
2656 1661 3711 1708 Qualität der hierzu zu verwendeten Stoffe alles ge⸗
2654 1704 3710 1750 naueſtens feſtgelegt wurde. Sagen wir, der Preis
2654 1745 3709 1792 „ſchlüſſelfertig“ beträgt ℛℳ. 20 000. —. Kann der Bau⸗
2654 1786 3709 1837 meiſter dann ſpäter, wenn das Haus fix und fertig
2655 1829 3709 1874 zum Einziehen iſt, mit Nachforderungen kommen mit
2651 1870 3704 1914 der Begründung, die Baumaterialien uſw. ſind teuerer
2655 1909 3706 1956 geworden uſw.? Es würde ſich um einen Mehrpreis
2656 1953 3703 1998 von ℛℳ. 5000. — (ungefähr) handeln. Müßte ich dieſe
2655 1991 3706 2040 Mehrkoſten bezahlen? — Antwort: Wenn der Bau⸗
2655 2036 3708 2080 meiſter ſchon während des Baues gewußt hat oder mit
2652 2074 3703 2122 der Möglichkeit hat rechnen müſſen, daß er mit dem
2653 2116 3702 2166 Betrag von 20 000 Reichsmark mit Rückſicht auf die
2650 2159 3706 2205 eintretende Teuerung nicht auskommt und er hat trotz⸗
2650 2200 3704 2247 dem einen entſprechenden Vorbehalt im Vertrag nicht
2649 2242 3704 2290 gemacht, ſo kann er nun nicht mehr mit Nachforderun⸗
2649 2284 3701 2332 gen kommen. Iſt dies indes nicht der Fall, dann wäre
2646 2325 3702 2373 es eine Unbilligkeit, wollte man die Nachforderung
2647 2365 3699 2416 hierwegen nicht gelten laſſen; dies würde entſchieden
2647 2407 3700 2457 gegen die Grundſätze von Treu und Glauben verſtoßen.
2687 2470 3701 2523 N. N. Sie ſind nur verpflichtet, die Handwerkerrech⸗
2645 2512 3700 2562 nung in der Höhe zu bezahlen, wie ſie der den Bau
2646 2553 3692 2602 leitende Architekt als zu Recht beſtehend anerkennt.
2645 2593 3696 2647 Kommt eine gütliche Einigung in dieſer Angelegenheit
2644 2636 3693 2690 nicht zu ſtande, dann bleibt dem Handwerker nur der
2645 2676 2953 2719 Klageweg übrig.
1926 2839 3282 2970 Mannheimer Künterbunt
1564 2995 2583 3049 El. H. in Pl. Wenn ich ſchreibe „von montags bis
1522 3038 2580 3087 ſamstags“, wird da montags und ſamstags groß oder
1523 3081 2582 3130 klein geſchrieben? — Antwort: Sie haben es rich⸗
1521 3122 1920 3168 tig klein geſchrieben.
1564 3177 2579 3224 P. P. Sandhofen. Gerne hätten wir Ihre Anfrage
1522 3217 2580 3263 beantwortet. Da dieſe aber anonym geſtellt iſt, müſſen
1521 3258 2582 3304 wir aus grundſätzlichen Erwägungen heraus eine Be⸗
1522 3303 1941 3340 antwortung ablehnen.
1555 3342 2581 3387 M. 100. Unter welchem Papſt und zu welcher Zeit
1522 3384 2575 3427 wurde die Ohrenbeichte eingeführt? — Antwort:
1523 3425 2579 3470 Im Jahre 1215 wurde durch Innozenz III. auf der
1518 3467 2577 3513 vierten Lateranſynode die Einführung der Ohrenbeichte
1516 3511 1718 3547 verordnet.
1556 3550 2576 3595 Bauchreden. Auskunft erteilt Ihnen gerne die Fach⸗
1516 3591 2580 3636 ſchaft Artiſtik in E 7, 25 (Telefon 276 33). Sprechſtun⸗
1519 3633 2575 3677 den täglich von 15—17 Uhr, an Samstagen von 11—12
1518 3674 2572 3719 Uhr. Uebrigens fanden ſich Spuren der Bauchredekunſt
1520 3714 2576 3761 bereits bei den alten Aegyptern. Literatur: De la Cha-
1521 3760 2575 3801 pelle, Le ventrilogue ou l'engastrimythe (1772 zwei
1515 3799 2569 3843 Bände), Flateau und Gutzmann, Die Bauchredekunſt.
1512 3842 2573 3886 Geſchichtliche und experimentelle Unterſuchungen
1517 3883 2573 3927 (1894); v. Coellen, Wie werde ich Bauchredner und
1514 3924 2054 3970 Tierſtimmenimitator (1920).
1554 3978 2577 4021 M. 100. Unter gewiſſen Umſtänden können in beſon⸗
1512 4019 2572 4063 deren Fällen durch Schlaganfall gelähmte Glieder mit⸗
1512 4061 2574 4104 tels Maſſage oder Elektriſieren wieder bewegbar ge⸗
1514 4103 2570 4147 macht werden. Einen beſtimmten Fall aber kann man
1510 4147 2572 4188 nur dann genau beurteilen, wenn man alle Einzelhei⸗
1509 4186 2570 4231 ten genau weiß, d. h. es iſt eine eingehende Unter⸗
1511 4228 2251 4271 ſuchung durch einen Arzt erforderlich.
1549 4275 2569 4325 H. A. Das Ilvesheimer Inſelfeſt hat in dieſem Jahre,
1506 4321 2570 4365 wie im „HB“ ausführlich berichtet wurde, in den Ta⸗
1511 4362 2236 4407 gen vom 12.—14. Juni ſtattgefunden.
1548 4411 2567 4458 G. M. S. Die Anſchrift von Franco Brambilla, dem
1506 4456 2565 4498 jugendlichen Darſteller in dem vielen Mannheimer be⸗
1507 4499 2562 4541 kannten italieniſchen Film „Mario“ lautet: Rom, Via
1511 4539 1776 4578 Flaminia 495.
1544 4580 2558 4624 ABC. Auf Ihre Anfrage teilen wir Ihnen mit, daß
1507 4622 2561 4665 nach einer Mitteilung der Kreisleitung der NSDAP
1503 4663 2563 4705 der hieſige Tanzlehrer Kurt R. Weinlein vom Sippen⸗
1506 4704 2564 4747 forſchungsamt in Berlin endgültig als jüdiſcher Miſch⸗
1502 4745 1951 4784 ling erklärt worden iſt.
1544 4787 2563 4829 A. S. M. Es iſt uns nicht bekannt, daß der uns ge⸗
1504 4829 2561 4870 nannte Vertreter der NSDAP in den letzten Wochen
1503 4870 2560 4912 oder Monaten irgendwelche Ausführungen der uns
1501 4912 2061 4949 mitgeteilten Art gemacht hat.
1539 4952 2559 4994 H. G. Die uns bezeichnete Fahne zeigt die Farben der
1502 4992 2559 5036 Stadt Mannheim, über die am, 17. Januar 1936 im
1504 5035 2556 5076 „HB“ ausführlich zu leſen war. Nach einem Beſchluß
2641 3012 3690 3060 von 1613 trugen von da an die Urkunden der Stadt
2638 3053 3687 3100 Siegel mit den Farben Blau⸗Weiß⸗Rot. Von 1667 an
2635 3095 3685 3145 trugen die Stadtknechte Uniformen mit dieſen Farben.
2635 3135 3688 3185 Im Jahre 1891 wurden dieſe Farben endgültig als die
2636 3176 3409 3227 Farben der Stadt Mannheim feſtgeſtellt.
2677 3230 3681 3279 H. G. Die Frage, ob es ſich bei dem uns genannten
2634 3269 3684 3319 Geſchäft um eine ariſche Firma handelt, richten Sie
2634 3313 3687 3361 zweckmäßig und zuſtändigkeitshalber an die Kreiswirt⸗
2635 3353 3496 3401 ſchaftsberatung der NSDAP, Rheinſtraße 3.
2678 3406 3683 3455 Kundenliſte. Sie haben Anſpruch auf 80 Prozent der
2630 3446 3680 3497 Buttermenge, die Sie im Oktober 1936 erhalten haben.
2632 3487 3684 3538 Wenn Sie glauben ,berechtigte Veranlaſſung dazu zu
2630 3529 3683 3580 haben, dann können Sie ſich in dem Haushaltsnach⸗
2632 3571 3684 3622 weis, der ſich in Ihren Händen beſindet, von dem In⸗
2630 3609 3684 3661 haber des uns genannten Geſchäftes löſchen und viel⸗
2628 3652 3682 3704 leicht zweckmäßig in einer Butterhandlung neu ein⸗
2628 3693 2887 3735 tragen laſſen.
2668 3734 3683 3787 E. H. Der jetzige Präſident der Reichspreſſekammer
2630 3776 3679 3825 Max Amann wurde im Jahre 1912 als Soldat in das
2627 3818 3679 3866 1. bayeriſche Inſanterie⸗Regiment eingezogen, rückte
2626 3859 3674 3909 aber mit dem erſt ſpäter aufgeſtellten Freiwilligen⸗
2627 3902 3677 3950 regiment Liſt in das Feld und ſtand an der Front als
2631 3942 3680 3990 Offiziersſtellvertreter in der gleichen Kompanie, in der
2626 3982 3680 4030 Adolf Hitler Meldegänger war. Wegen Kriegsbeſchädi⸗
2629 4028 3678 4074 gung wurde dann Amann vorzeitig aus dem Heeres⸗
2625 4068 2916 4107 dienſt entlaſſen.
2664 4108 3676 4155 E. H. Was iſt Neurodermitis? — Antwort: Wie
2626 4151 3676 4197 uns von fachmänniſcher Seite mitgeteilt wird, handelt
2625 4191 3672 4241 es ſich dabei um eine Entzündung der feinſten Nerven
2624 4233 2862 4271 an der Haut.
2662 4273 3678 4322 H. E. Schwetzingen. Wie man uns von gutunterrich⸗
2623 4314 3676 4362 teter Seite mitteilt, werden heute Waſſerdruckſchläuche
2624 4357 3675 4404 außen mit Draht nicht mehr ſpiralt, da die Praxis er⸗
2624 4398 3675 4444 geben habe, daß die Dauerhaftigkeit dadurch verringert
2622 4439 3673 4487 worden ſei. Man ſei daher dazu übergegangen, ſtarke
2621 4480 3674 4533 Gummidruckſchläuche mit Inneneinlage herzuftellen, die
2624 4521 3256 4565 ſich gut bewähren, wie man hört.
2661 4573 3671 4624 A. H. 100. Sie dürſen Ihrer Enkelin Briefmarken
2620 4615 3677 4662 nach Südamerika nur mit Genehmigung der Deviſen⸗
2620 4656 3669 4707 ſtelle des Oberfinanzpräſidenten von Baden, Karlsruhe,
2621 4698 3195 4739 Redtenbacherſtraße 19, ſenden.
2660 4739 3673 4787 G. Sch. Rh. Die Genannte entſtammt einer gut bür⸗
2620 4781 3671 4829 gerlichen amerikaniſchen Familie. Die uns mitgeteilte
2621 4823 3403 4871 Annahme dürfte daher unzutreffend ſein.
2656 4874 3666 4923 F. W. Nennen Sie mir bitte die Anſchriften von
2617 4916 3672 4964 einigen Filmgeſellſchaften. Univerſum Film AG, Ber⸗
2618 4958 3663 5005 lin SW 19, Krauſenſtraße 38/39; Tobis Filmverleih
2616 4995 3667 5047 GmbH, Frankfurt a. M., Hindenburgplatz 12; Terra
2617 5037 3666 5094 Filmkunſt GmbH, Frankfurt a. M., Taunusſtraße 52/60.
1500 5196 3666 5353 Für den Landwirt, Obst- und Kleingärtner
1493 5370 2042 5431 Sind Kröten nützlich?
1533 5452 2550 5496 G. K. in Sch. Iſt es wahr, daß die Kröte eine
1493 5498 2552 5538 fleißige und nützliche Inſektenvertilgerin iſt? — Ant⸗
1492 5540 2548 5578 wort: Es kommt immer noch vor, daß die Kröten
1494 5581 2548 5621 in den Gärten und auch in den Schrebergärten getötet
1491 5622 2550 5662 werden. Man verachtet ſie nämlich oft wegen ihres
1491 5664 2549 5705 häßlichen Ausſehens. Dieſes unanſehnliche Kleid iſt
1492 5706 2547 5746 aber nur eine Schutzfarbe für die Kröte, um von den
1488 5746 2551 5789 Tieren, die ſie vertilgt, nicht erkannt zu werden. Weil
1493 5788 2548 5828 ſie nur von Inſekten, Schnecken, Würmern und der⸗
1491 5830 2551 5870 gleichen lebt, iſt die Kröte nachweislich eine der fleißig⸗
1490 5871 2551 5911 ſten Inſektenvertilgerinnen, die wir haben. Wo ſie ein⸗
1493 5913 2546 5953 gebürgert iſt, hat ſie ſich auch im Vertilgen der Inſek⸗
1489 5954 2544 5995 ten außerordentlich zuverläſſig bewährt. Einige Kröten
1490 5995 2545 6034 im Garten genügen, um Salat, Früchte und Kräuter
1487 6036 2545 6075 von Schnecken vollſtändig frei zu halten. Jetzt iſt es
1491 6078 2537 6119 Zeit, da die Kröte ſich zu ihrem Winterſchlaf anſchickt,
1488 6119 2540 6160 der bis zum Frühjahr dauert. Man ſoll ſie an der
1486 6160 2541 6201 Stelle, die ſie ſich zum Winterſchlaf gewählt hat, ruhig
1487 6203 2542 6243 liegen laſſen und ſie dort nicht ſtören, damit ſie nicht
1483 6244 2543 6285 erfriert. Sie wird im Frühjahr dann wieder recht gute
1490 6286 1763 6322 Dienſte leiſten.
2610 5377 3659 5422 man etwas Pottaſche aufgelöſt hat. Darin werden alle
2611 5416 3658 5464 Lederteile ſolange abgebürſtet, bis der ganze Schmutz
2606 5457 3657 5505 und alles Fett entfernt iſt. Darauf maſſiert man die
2611 5500 3657 5548 Lederteile im Waſſer ſolange mit der Hand, bis ſie
2610 5544 3657 5590 ganz weich und geſchmeidig geworden ſind, denn es
2610 5584 3658 5630 hat keinen Zweck, hartes Leder zu ölen. Darauf ſucht
2608 5626 3657 5671 man ſich einen trockenen Platz, an dem das Geſchirr
2606 5666 3659 5711 langſam trocknen kann. Man lege es aber niemals in
2607 5708 3654 5755 die Sonne oder in die Nähe des Ofens. Wenn es ſich
2606 5751 3661 5796 etwas feucht anfühlt, iſt der Augenblick gekommen, es
2602 5792 3656 5837 einzuölen. Dazu eignet ſich am beſten Lebertran. Die
2604 5833 3657 5877 anderen Oele, namentlich das oft verwendete Klauen⸗
2600 5873 3655 5917 ſett, ziehen Mäuſe an, welche derart behandelte Ge⸗
2605 5915 3655 5960 ſchirre gern benagen, während ſie das mit Lebertran
2601 5956 3659 6000 behandelte Lederzeug niemals anrühren. Man ſoll je⸗
2603 5998 3653 6041 doch mit Lebertran nicht ſparen. Er muß ordentlich in
2602 6038 3655 6082 das Geſchirr eindringen können. Daraufhin wird das
2600 6078 3652 6126 Geſchirr am beſten wieder zum Trocknen aufgehängt.
2601 6120 3655 6167 Man muß es nochmals gehörig abtrocknen laſſen. —
2599 6161 3654 6208 So behandeltes Geſchirr hält Jahre länger, wird nie⸗
2604 6205 3655 6249 mals brechen und wird auch den Tieren durch eine an⸗
2599 6246 3656 6289 genehme Schmiegſamkeit und Weichheit weſentliche Er⸗
2602 6287 3346 6333 leichterungen bei der Arbeit verſchaffen
1484 6375 2246 6435 Wie behandelt man Geſchirre?
1525 6456 2540 6496 P. K. in A. Ich wäre für Mitteilung darüber dank⸗
1485 6496 2536 6538 bar, wie man die Geſchirre von Geſpanntieren mög⸗
1483 6540 2535 6578 lichſt lange in brauchbarem Zuſtande erhalten kann?
1481 6581 2539 6623 — Antwort: Es gibt kein beſſeres Mittel, Ge⸗
1484 6622 2538 6663 ſchirre unſerer Geſpanntiere lange in gutem Zuſtande
1484 6663 2533 6705 zu erhalten, als es von Zeit zu Zeit gut einzuölen.
1482 6705 2536 6748 Es gibt verſchiedene Arten des Oelens. Eine iſt jedoch
1484 6746 2539 6789 vorzuziehen, da ſie ſich als die praktiſchſte erwieſen
1486 6787 2536 6830 hat: Man trägt das Geſchirr in einen Raum, in dem
1482 6828 2538 6873 man es vollſtändig auseinandernehmen kann und
1484 6869 2536 6913 wäſcht die Lederteile in lauwarmem Waſſer, in dem
2597 6382 3307 6441 Sind Ratten Seuchenträger?
2640 6459 3645 6510 M. P. in H. Wir haben uns darüber geſtritten, ob
2597 6504 3647 6549 durch Ratten gefährliche Seuchen verſchleppt werden
2597 6546 3645 6591 können. Ich behaupte ja, mein Freund beſtreitet. Wer
2602 6588 3648 6632 hat nun Recht? — Antwort: In allen von der
2599 6629 3646 6675 Maul⸗ und Klauenſeuche befallenen Orten wird ſeit
2594 6670 3651 6718 einiger Zeit eine ſyſtematiſche Rattenbekämpfungs⸗
2595 6712 3650 6757 aktion durchgeführt. Es iſt allen, die ſich mit der Be⸗
2593 6752 3639 6800 kämpfung der Maul⸗ und Klauenſeuche beſchäſtigen,
2593 6795 3642 6839 klar geworden, daß dieſer heimliche und rückſichtsloſe
2594 6836 3643 6884 Nager einer der gefährlichſten Seuchenträger iſt. Zwei
2594 6876 3646 6924 Arten ſind es, die ſeit nahezu 1000 Jahren bei uns
3783 508 4851 548 verbreitet ſind. Die altbekannnte Art iſt die ſchwarze
3787 549 4850 592 Hausratte. Später kam aus Aſien die graue Wander⸗
3787 592 4852 632 ratte hinzu, die beſonders groß und wild iſt. Sie hat
3789 633 4846 673 zum Teil die Hausratte verdräng. Es iſt bekannt, daß die
3786 675 4843 713 graue Wanderratte oft in großen Scharen auftritt, um
3781 716 4849 754 dann plötzlich zu verſchwinden. Am Ende des 18. Jahr⸗
3785 757 4848 797 hunderts waren die Ratten in London, ſpäter in Paris
3781 800 4844 838 und ſchließlich auch in Deutſchland als beſondere Plage
3783 840 4842 879 verbreitet. Leider vermehrt ſie ſich außerordentlich ſtark.
3782 881 4846 921 Ein Wanderrattenpaar bringt im Jahre bis zu 1000
3779 922 4840 961 Nachkommen hervor. In rieſigen Scharen wandern
3782 964 4843 1004 dieſe Ratten von Gebiet zu Gebiet. Sie können große
3781 1005 4839 1046 Flüſſe durchſchwimmen. Wenn auch ein Teil von ihnen
3781 1047 4838 1086 umkommt, die anderen ſind doch in der Lage, durch
3780 1087 4838 1127 ihre ſtarke Vermehrung ſich als Landplage zu erhalten.
3779 1128 4834 1170 Der große Wandertrieb der Ratten macht dieſe läſtigen
3776 1169 4838 1210 Tiere zum ausgeſprochenen Verſchlepper furchtbarer
3776 1210 4842 1251 Seuchen. Da ſie ſich mit Vorliebe auch in Ställen auf⸗
3779 1251 4839 1293 halten, ſind ſie beſonders ſchlimme Träger von Tier⸗
3781 1293 4838 1332 ſeuchen. Auch der Rattenfloh iſt dabei weſentlich betei⸗
3771 1334 4837 1374 ligt. In früheren Jahrhunderten ſind durch ſolches Un⸗
3771 1375 4836 1415 geziefer die ſchlimmſten und gefährlichſten Seuchen über
3772 1416 4831 1458 Menſch und Tier hereingebrochen, denn Peſt, Lepra,
3771 1457 4833 1498 Tuberkuloſe, Cholera, Trichinoſe und viele andere
3774 1498 4835 1538 Krankheiten ſind von ſolchen Tieren verſchleppt wor⸗
3770 1539 4836 1581 den. Außerdem iſt die Ratte als Vertilger von wert⸗
3772 1581 4833 1621 vollen Nahrungsgütern bekannt. Man ſchätzt den jähr⸗
3767 1622 4832 1662 lichen Schaden auf etwa 200 Millionen Reichsmark,
3772 1664 4830 1704 den dieſe Tiere uns beim Verzehr von Nahrungsgütern
3771 1705 4828 1745 zufügen Deshalb muß nun alles getan
3769 1747 4828 1785 werden, um die Ratten zu vernichten.
3770 1787 4828 1828 Sie ſind am häufigſten an Dorfteichen, in Scheunen, in
3766 1829 4831 1874 Waſchküchen, Aborten, Miſthaufen, in übelriechenden
3764 1870 4830 1910 Abwäſſerkanälen, in Viehſtällen aller Art, auf Futter⸗
3765 1911 4829 1952 böden und Schuttablegeplätzen, nicht zuletzt aber auch
3764 1953 4822 1994 in Vorratskammern zu finden. Verborgene Winkel und
3766 1994 4826 2035 Mauerritzen geben ihnen Unterſchlupf und Gelegenheit
3771 2036 4821 2077 zur Vermehrung. Wo die Ratte angetroffen wird, muß
3764 2077 4821 2119 ſie rückſichtslos vernichtet werden. Es ift deshalb not⸗
3759 2119 4824 2157 wendig, die Bekämpfungsaktion überall durchzu⸗
3761 2160 4817 2203 führen und zwar auch dort, wo die Seuchengefahr nicht
3762 2202 4275 2240 unmittelbar vorhanden iſt.
3762 2296 4080 2356 Eheſcheidung
3797 2376 4819 2420 A. S. Belgien. Ein Verwandter von mir, deutſcher
3759 2420 4814 2461 Staatsangehöriger, heiratete vor 46 Jahren eine Bel⸗
3754 2461 4817 2503 gierin. Trauungsort: Brüſſel. Bald nach der Hochzeit
3757 2504 4813 2543 trennten ſich die beiden und es hat bis heute keine
3751 2546 4818 2585 eheliche Gemeinſchaft ſtattgefunden. Mein Bekannter
3752 2585 4813 2628 verſuchte ſchon während des Krieges, ſich ſcheiden zu
3752 2627 4812 2670 laſſen. Die Frau ging aber nicht darauf ein. Da er
3752 2669 4819 2711 ſeit Jahren kränklich iſt, hat er eine Haushälterin zur
3751 2711 4809 2754 Pflege. Um nun dieſe für ihre Mühe einigermaßen zu
3751 2753 4806 2793 entſchädigen, möchte er ſie vor ſeinem Ableben heiraten,
3747 2794 4808 2835 um ihr wenigſtens ſeinen Namen zu geben. Vermögen
3745 2835 4810 2877 iſt keines vorhanden. Gibt es eine Möglichkeit, daß die
3746 2875 4806 2917 Ehe, die nur auf dem Papier beſtand, durch die langen
3751 2917 4809 2957 Jahre als zerrüttet geſchieden werden kann? — Ant⸗
3748 2958 4808 2999 wort: Grundſätzlich iſt zu ſagen, daß gemäß Art. 17
3746 2999 4809 3042 EinfGeſ. zum BGB für die Scheidung der Ehe die
3750 3041 4807 3082 Geſetze des Staates maßgebend ſind, dem der Ehe⸗
3749 3084 4806 3123 mann zur Zeit der Erhebung der Klage angehört.
3749 3123 4810 3165 Wenn alſo der Verwandte heute noch deutſcher Staats⸗
3747 3166 4808 3207 angehöriger iſt, ſo ſind die nach dem Bürgerlichen Ge⸗
3744 3207 4810 3248 ſetzbuch in den §§ 1565/1569 aufgezählten Scheidungs⸗
3744 3249 4812 3290 gründe maßgebend. Ausſchließlich zuſtändig zur Er⸗
3748 3290 4803 3332 hebung der Scheidungsklage iſt gemäß § 606 CPO das
3743 3331 4805 3373 Landgericht, bei dem der Ehemann ſeinen allgemeinen
3740 3373 4803 3415 Gerichtsſtand hat. Iſt der Ehemann ein Deutſcher und
3741 3414 4800 3457 hat er im Inland keinen allgemeinen Gerichtsſtand, ſo
3742 3455 4800 3497 kann die Klage bei dem Landgericht erhoben werden,
3740 3496 4799 3539 in deſſen Bezirk er den letzten Wohnſitz im Inland
3738 3538 4799 3580 hatte. Weitere Auskunft, deren Erteilung an dieſer
3744 3578 4802 3621 Stelle zu weit führen würde, gibt Ihnen gerne die
3742 3618 4796 3664 NS⸗Rechtsberatungsſtelle im Schloß, Zimmer Nr. 246.
3740 3661 4795 3706 Sprechſtunden ſind jeweils Dienstag und Donnerstag
3740 3703 4058 3742 von 15—17 Uhr.
3782 3756 4791 3800 H. A. Die Frau iſt zu dem uns geſchilderten Verhal⸗
3736 3797 4795 3843 ten nicht berechtigt. Das Verhalten kann als ehewidrig
3738 3838 4800 3883 bezeichnet und vom Gericht als relativer Scheidungs⸗
3737 3881 4802 3923 grund gewürdigt werden. Gegen das Verhalten der
3734 3921 4801 3970 Frau könnte dann eingeſchritten werden, wenn die
3737 3962 4579 4002 Oeffentlichkeit daran Anſtoß nehmen würde.
3740 4047 4260 4108 Argliſtige Täuſchung
3780 4129 4795 4173 J. K. Gemäß § 123 Abſatz 1 BGB kann derjenige
3735 4171 4796 4214 u. a. die Erklärung anfechten, der zur Abgabe einer
3735 4211 4794 4255 Willenserklärung durch argliſtige Täuſchung beſtimmt
3737 4254 4791 4299 worden iſt. Der Begriff der argliſtigen Täuſchung er⸗
3736 4296 4792 4341 fordert die gegen beſſeres Wiſſen geſchehene Vorſpiege⸗
3733 4338 4789 4382 lung ſalſcher oder Unterdrückung wahrer Tatſachen zum
3732 4379 4792 4424 Zwecke einer Irrtumserregung. Der Irrtum ſoll den
3731 4418 4795 4464 Getäuſchten zur Abgabe einer Willenserklärung veran⸗
3732 4463 4788 4507 laſſen. Argliſt iſt nun nicht gleichbedeutend mit Vorſatz,
3728 4505 4793 4546 erfordert aber mindeſtens, daß man ſich der Möglich⸗
3729 4545 4785 4588 keit, Schaden zuzufügen, bewußt iſt und trotzdem auf
3728 4587 4793 4631 dieſe Gefahr hin, die ſchädigende Handlung oder Unter⸗
3729 4627 4793 4673 laſſung ſich zuſchulden kommen läßt. Es genügt alſo
3727 4670 4788 4715 eine fahrläſſige, ſelbſt grobe fahrläſſige Behauptung
3725 4711 4786 4755 unrichtiger oder Verſchweigung erheblicher wahrer Tat⸗
3728 4753 4790 4798 ſachen nicht. Andererſeits iſt eine auf Schädigung ge⸗
3723 4794 4785 4839 richtete Abſicht zum Begriff der argliſtigen Täuſchung
3727 4834 4784 4877 im allgemeinen nicht erforderlich. Werden alſo wider
3728 4876 4789 4922 beſſeres Wiſſen falſche Tatſachen vorgeſpiegelt, ſo iſt
3723 4918 4780 4962 dieſes Verhalten ſtets argliſtig, es müßte denn bloße
3726 4959 4784 5005 Leichtfertigkeit vorliegen. Hätte jemand, der leichtfertig
3726 5002 4787 5047 eine unwahre Angabe macht, bei gehöriger Sorgfalt
3724 5044 4781 5088 zur Erkenntnis der Unwahrheit dieſer Angabe kommen
3724 5085 4784 5134 müſſen, ſo handelt er zwar fahrläſſig, aber noch nicht
3719 5127 4786 5171 argliſtig. Konnte er jedoch von der Richtigkeit ſeiner
3719 5168 4784 5214 Angabe nach Lage der Umſtände des Falles unmöglich
3718 5208 4785 5253 überzeugt ſein und macht er ſeine Angaben mit Be⸗
3723 5250 4783 5294 wußtſein ohne Ueberzeugung, ſo liegt allerdings eine
3722 5292 4778 5338 Argliſt vor, denn es genügt, wie bereits erwähnt, daß
3723 5333 4780 5379 man ſich der Möglichkeit Schaden zuzufügen, bewußt
3721 5373 4781 5423 iſt und trotzdem auf dieſe Gefahr hin die ſchädigende
3721 5416 4780 5463 Handlung oder Unterlaſſung ſich zuſchulden kommen
3717 5458 4781 5503 läßt. Aber ſelbſt, wenn eine argliſtige Täuſchung im
3721 5499 4780 5547 Sinne dieſer Ausführungen vorliegt, muß ſie, um eine
3714 5541 4778 5587 Anfechtung zu begründen, für die Willenserklärung
3716 5582 4786 5628 kauſal ſein, d. h. der durch die Täuſchung hervorge⸗
3717 5625 4774 5670 rufene Irrtum muß ein entſcheidendes Moment ſein,
3719 5666 4779 5713 das den Erklärenden zu ſeiner Willensentſchließung
3717 5706 4777 5755 überhaupt oder zu einer Entſchließung gerade dieſes
3716 5746 4775 5795 Inhalts veranlaßt hat. Es iſt aber nicht erforderlich,
3717 5790 4774 5837 daß der durch die Täuſchung hervorgerufene Irrtum
3715 5832 4776 5877 das einzige den Willensentſchluß beſtimmende Moment
3713 5873 4773 5920 war, ſondern es genügt, wenn die argliſtige Täuſchung
3716 5914 4783 5961 auch nur mitbeſtimmend für die Abgabe der Willens⸗
3710 5955 4775 6005 erklärung war; der Begriff des Kauſalzuſammenhangs
3712 5996 4775 6047 ſchließt alſo nicht aus, daß der Erfolg durch mehrere
3714 6038 4776 6088 Urſachen herbeigeführt wird. Es iſt zur Anfechtung
3709 6079 4783 6128 auch nicht erforderlich, daß das Geſchäft ohne die Täu⸗
3714 6121 4777 6171 ſchung überhaupt nicht zu Stande gekommen wäre; es
3713 6163 4774 6212 genügt vielmehr, wenn die unzuläſſige Willensbeein⸗
3711 6204 4772 6255 fluſſung nur auf einem weſentlichen Punkt der Ge⸗
3712 6245 4774 6294 ſchäftsgeſtaltung, ja wenn ſie ſelbſt nur auf die Be⸗
3711 6286 4772 6339 ſchleunigung des Geſchäftsabſchluſſes entſcheidenden
3711 6328 4089 6370 Einfluß gehabt hat-
3752 6382 4771 6434 Unter dieſen Geſichtspunkten iſt alſo der vorliegende
3711 6421 4069 6463 Fall zu beurteilen.
3707 6506 3996 6563 Sportliches
3747 6573 4763 6629 Auto⸗Union. Sie richten Ihre Fragen zweckmäßig
3705 6616 4770 6671 direkt an das Preſſebüro der Auto⸗Union AG in Chem⸗
3702 6657 4767 6713 nitz oder aber an den Sportdienſt des Deutſchen Nach⸗
3703 6698 4755 6752 richtenbüro in Berlin SW 68, Charlottenſtraße Nr. 15.
3704 6740 4763 6796 Vielleicht gibt Ihnen auch eine der bekannten Motor⸗
3704 6782 4609 6836 ſport⸗Fachzeitſchriften die gewünſchte Auskunft.
3706 6885 4762 6945 Auskünfte nach bestem Wissen, jedoch ohne Gewähr
