5205 7294
433 226 1121 297 „Hakenkreuzbanner“
4095 242 4773 322 Montag, 22. November 1937
435 394 1480 451 ger, der dieſes Reich erkämpfte. Aus Millio⸗
427 444 1476 499 nen unbekannter Soldaten des großen Krieges
427 491 1475 554 ſtieg einer empor zur höchſten Spitze des
422 542 614 595 Staates.
423 636 1099 705 Sie gaben ein großes Opfer
463 715 1467 779 Die Ueberlebenden des großen Krieges haben
427 770 1468 832 gewußt, was ſie ihren toten Kameraden ſchuldig
418 820 1467 883 waren. Einer von ihnen hat das verwirklicht,
417 876 1467 934 wofür ſie in den Tod gegangen ſind. Er hat
422 927 1466 984 mit ſeinen Kameraden das Vermächtnis erfüllt,
417 977 1465 1036 das ſie damals auf den Lippen trugen, als ſie
421 1031 1464 1088 ſich bei Langemarck dem Tode entgegenwarfen.
414 1078 1468 1141 Er hat ihnen nicht Denkmäler aus Stein und
417 1132 1464 1192 Erz geſetzt, ſondern das Reich er⸗
413 1183 1469 1240 kämpft, für das ſie ſtarben! Und er
414 1236 1467 1295 hat es geſtaltet nach jenem Bilde, das deutſche
412 1289 1464 1348 Frontſoldaten vier Jahre lang auf allen
415 1340 1466 1399 Schlachtfeldern der Welt im Herzen trugen:
412 1392 1467 1449 Das Reich der Freiheit, der Ehre und ſozialen
418 1445 1461 1500 Gerechtigkeit. Sie ſind nicht umſonſt geſtorben.
417 1497 1460 1553 Welch beglückendes Symbol und welch verſöh⸗
413 1550 1461 1604 nender Gedanke für uns, die wir ihre Kamera⸗
412 1601 1467 1656 den waren! Sie haben das Opfer ihres Le⸗
411 1655 1463 1706 bens nicht vergeblich gebracht! Und dieſes Op⸗
417 1706 1464 1758 fer war ſchwer. Sein junges, blühendes Leben
415 1759 1464 1810 für immer hinzugeben, iſt hart und bitter. Vie⸗
409 1809 1460 1862 les, was die jungen Kämpfer von Langemarck
411 1861 1460 1915 erträumten und erſehnten, iſt für uns heute
415 1914 1465 1967 Wirklichkeit geworden. Wir erreichten das Ziel
407 1967 1460 2019 und ernteten, was ſie mit ihrem Blute ſäten.
456 2042 1460 2095 Vor uns ſteht eine große Zukunft. Vor ihnen
413 2094 1456 2146 aber ſtand nur der Kampf, die Gefahr, der Tod,
403 2144 1456 2197 das Opfer. Sie gaben ihr junges Leben für
408 2198 1456 2250 das, was wir heute beſitzen. Die Verpflichtung,
399 2252 1456 2302 die daraus den Nachfolgenden erwächſt, iſt un⸗
407 2303 627 2352 ermeßlich.
405 2404 1157 2463 Das ewig lebende Vermächtnis
453 2497 1459 2548 Die nationalſozialiſtiſche Jugend ſoll in ihrer
412 2555 1456 2616 Haltung das lebendige Vermüchtnis von Lange⸗
407 2623 1457 2675 marck ſein. Sie ſoll das Feuer, das dieſe hel⸗
407 2686 1459 2738 diſchen Opfer des großen Krieges in ihr ent⸗
408 2750 1460 2804 zündet haben, weitertragen von Geſchlecht zu
411 2813 636 2863 Geſchlecht.
449 2888 1461 2940 Die ſtudentiſche Jugend ſteht heute nicht im
401 2938 1458 2993 Kriege, ſondern hat hohe Aufgaben des Frie⸗
403 2991 1462 3045 dens. Sie iſt, wie es in ihren zehn Geſetzen
408 3040 1460 3096 heißt, mitberufen, die Freiheit des deutſchen
400 3094 1457 3146 Geiſtes zu erkämpfen! Sie ſoll vor allem die
403 3147 1457 3199 Wahrheiten ſuchen, die in ihrem Volke be⸗
408 3196 1457 3251 ſchloſſen liegen. Und ſolche Wahrheiten werden
408 3252 1458 3301 uns — meine jungen Kameraden — in nie da⸗
407 3304 1448 3356 geweſener Fülle durch unſere Zeit erſchloſſen,
401 3356 1456 3405 die eine wahre Revolution des Denkens be⸗
398 3409 553 3458 deutet.
446 3472 1466 3521 Der nationalſozialiſtiſche Gedanke iſt eine der
405 3524 1461 3576 unſterblichſten Ideen, die jemals der Welt ge⸗
401 3572 1461 3628 ſchenkt wurden. Mit ihr iſt — darin beſteht
406 3624 1453 3680 heute kein Zweifel mehr — eine gewaltige Gei⸗
405 3680 1248 3731 ſtesmacht in der Geſchichte eingetragen.
448 3749 1451 3804 Reichsſtudentenführer Dr. Scheel nannte
396 3802 1454 3858 Langemarck ein Symbol des Verzichtes und des
397 3857 1451 3908 Opferwillens, des unverbrüchlichen Glaubens
396 3910 1451 3961 an Deutſchland, ein herrliches Bild deutſcher Un⸗
399 3957 1455 4015 vergänglichkeit. Die Gefallenen von Langemarck
395 4014 1453 4064 marſchierten Seite an Seite mit den gefallenen
402 4067 1443 4117 Helden der nationalſozialiſtiſchen Bewegung
404 4118 1443 4167 für eine große und ſtarke Zukunft Deutſchlands.
395 4171 1449 4220 — Der Reichsſtudentenführer teilt mit, daß in
399 4220 1452 4273 Zukunft die feierliche Aufnahme der jungen
397 4275 1446 4325 Kameraden des NSDStB alljährlich am
395 4327 1454 4379 11. November zu erfolgen hat, damit
392 4379 1445 4427 in jedem Studenten das Vermächtnis von
389 4430 1440 4482 Langemarck lebendig bleibt: Deutſchland,
399 4482 907 4533 Deutſchland über alles!
1587 412 3634 567 Muſſolini iſt fünffacher Miniſter
1586 567 3635 667 Er übernahm Ostafrika-Ressort / Aenderung im Kabinett
1888 689 3306 749 (Drahtbericht unseres römischen Verfteters)
2218 794 2540 851 Rom, 21. Nov.
1586 867 2585 920 Am Samstag wurden in Rom verſchiedene
1534 935 2577 990 wichtige innerpolitiſche Entſcheidungen durch
1536 1003 2584 1059 die Veröffentlichung einiger Königlicher Dekrete
1527 1070 2582 1128 bekanntgegeben. Das kürzlich in ein Miniſterium
1534 1140 2584 1197 für Italieniſch⸗Oſtafrika umgewandelte italie⸗
1529 1212 2585 1266 niſche Kolonialminiſterium hat Muſſolini
1533 1281 2578 1336 jetzt ſelbſt übernommen. Der Duce
1529 1350 2579 1406 dankte dem zurückgetretenen bisherigen Kolo⸗
1532 1417 2573 1474 nialminiſter Leſſona in einem herzlichen
1533 1488 2578 1541 Handſchreiben für ſeine verdienſtvolle Amts⸗
1528 1554 2582 1614 tätigkeit. Zum Unterſtaatsſekretär dieſes Mini⸗
1531 1621 2532 1678 ſteriums wurde General Teruzzi ernannt.
1569 1699 2570 1757 Gleichzeitig erfolgte die offizielle Bekanntgabe
1528 1753 2576 1808 des Rücktritts des Marſchalls Gra⸗
1529 1806 2569 1864 ziani als Vizekönig von Italieniſch⸗Oſtafrika.
1529 1859 2576 1919 Graziani leidet bekanntlich noch an den Folgen
1523 1913 2573 1969 des auf ihn verübten Attentats, weshalb er den
1527 1967 2577 2025 Duce um Amtsenthebung gebeten hatte. Muſſo⸗
1524 2021 2575 2081 lini dankte ihm ebenfalls in einem Handſchrei⸗
1524 2074 2574 2133 ben für ſeine in Krieg und Frieden geleiſtete
1522 2129 2574 2189 Arbeit unter beſonderer Hervorhebung ſeiner
2650 792 3687 847 Verdienſte bei der Eroberung und Befriedung
2648 847 3692 901 Abeſſiniens. Zum neuen Vizekönig wurde, wie
2644 901 3692 954 bereits gemeldet, der Herzog von Aoſta
2644 954 3690 1007 ernannt, der in der erſten Dezemberhälfte in
2643 1007 3690 1060 Addis Abeba von Marſchall Graziani in ſein
2642 1061 3111 1111 Amt eingeführt wird.
2691 1113 3687 1167 Eine ſehr wichtige Entſcheidung auf dem Ge⸗
2641 1168 3685 1222 biet der italieniſchen Autarkiebeſtrebungen, die
2638 1220 3688 1275 nach dem Willen des Duce mit aller Energie ge⸗
2646 1275 3693 1329 fördert werden ſollen, iſt die Errichtung eines
2644 1328 3681 1380 hierfür zuſtändigen neuen Miniſteriums.
2639 1380 3689 1434 Das bisherige Staatsſekretariat für Deviſenbe⸗
2637 1433 3687 1487 wirtſchaftung und Außenhandel wurde zu einem
2639 1488 3684 1540 ſelbſtändigen Miniſterium erhoben, an deſſen
2636 1542 3685 1592 Spitze der ſeitherige Unterſtaatsſekretär Guar⸗
2637 1595 2913 1646 nieri ſteht.
2682 1659 3682 1712 Die Ueberführung der italieniſchen Jugend⸗
2637 1714 3685 1764 verbände von der ſtaatlichen Kontrolle in die
2639 1766 3678 1816 Zuſtändigkeit der Faſchiſtiſchen Partei wurde
2638 1820 3685 1874 ebenfalls am Samstag durch Königliches Dekret
2640 1872 3687 1929 ſanktioniert. Senator Ricci, der italieniſche
2636 1925 3684 1981 Jugendführer und Unterſtaatsſekretär im Er⸗
2638 1979 3677 2035 ziehungsminiſterium wurde zum Unterſtaats⸗
2638 2032 3684 2087 ſekretär im Miniſterium für Korporationen er⸗
2635 2086 3682 2144 nannt. Damit iſt dieſes Problem auch nach der
2635 2141 3499 2196 perſonellen Seite hin endgültig geklärt.
1672 2332 3555 2493 Polizei jagt die „Cagoulards“
1597 2499 3595 2603 Vor der Aufklärung der geheimnisvollen Waffenfunde
1830 2616 3337 2684 (Drahtbericht unseres Pariser Korrespondenten)
2170 2726 2524 2778 Paris, 21. Nov.
1563 2796 2559 2854 Der Chef der franzöſiſchen Sicherheitspolizei,
1518 2845 2565 2904 Moiteſſier, hat mitgeteilt, daß die Oef⸗
1523 2896 2561 2958 fentlichkeit in aller Kürze über die Hinter⸗
1519 2950 2561 3007 gründe der großen Waffenfunde der
1513 3001 2566 3060 letzten Tage, über die Mittel, die den angeb⸗
1518 3054 2567 3111 lich vorhandenen Organiſationen zur Verfü⸗
1513 3109 2564 3164 gung ſtanden, und andere Einzelheiten näher
1517 3160 2067 3213 unterrichtet werden ſolle.
1555 3232 2559 3290 Inzwiſchen durchſchwirren fieberhaft allerlei
1517 3284 2564 3341 Gerüchte die Stadt Paris, und verſchiedene be⸗
1515 3339 2564 3393 kannte Namen werden genannt, deren Träger
1510 3391 2564 3444 als Hintermänner der Verhafteten in Betracht
1516 3443 2561 3497 kommen könnten. Die Nachmittagsblätter be⸗
1518 3495 2564 3549 haupten, daß die Polizei den Hauptverſchwö⸗
1510 3545 2565 3601 rern auf den Ferſen ſei. Der „Intran⸗
1513 3598 2568 3656 ſigeant“ ſpricht von zwei Verdächtigen, die
1510 3650 2561 3703 die Flucht ergriffen hätten und von der Sicher⸗
1517 3703 2556 3754 heitspolizei und der Gendarmerie auf allen
1512 3754 2557 3809 Straßen Frankreichs geſucht würden, während
1511 3806 2554 3860 an allen Grenzen unüberſteigbare Hin⸗
1515 3857 2273 3909 derniſſe errichtet worden ſeien.
1554 3929 2555 3990 Alle Polizei⸗Einheiten, Grenzpoſten, Flug⸗
1514 3996 2557 4051 plätze, Bahnhöfe und Gendarmeriebehörden
1513 4061 2559 4113 ſeien alarmiert worden. Sogar außerhalb von
1516 4126 2559 4178 Paris und an verſchiedenen Punkten der Pro⸗
1507 4190 2556 4241 vinz ſeien Schranken errichtet worden, um die
1515 4253 2056 4303 Flüchtlinge aufzuhalten.
1504 4347 2178 4413 Wie einſt im Etoile⸗Viertel
1561 4434 2548 4486 Großes Gewicht mißt man dem Umſtand bei,
1509 4487 2553 4538 daß die in der Rue Ribéra gefundenen Bomben
2633 2728 3672 2789 große Aehnlichkeit mit den Bomben
2628 2783 3669 2838 vom Etoile⸗Viertel vom September und
2624 2833 3665 2892 den ſogenannten Kavallerie⸗Petarden aufweiſen,
2630 2884 3669 2942 die man ebenfalls in der Rue Ribéra fand. Von
2629 2936 3672 2996 demſelben Typ ſeien auch die Petarden gewe⸗
2632 2987 3670 3046 ſen, die man vor der Wohnungstür des Gene⸗
2625 3041 3343 3092 rals Prételat in Paris fand.
2674 3092 3672 3149 Wie der „Paris Soir“ behauptet, kenne die
2629 3142 3670 3199 Polizei jetzt die Namen der Hauptanführer der
2627 3195 3668 3251 „Cagoulards“ oder wie man ſie ſonſt nennen
2621 3247 3671 3304 will. Alle Verſchwörer hätten extrem rechts⸗
2623 3300 3670 3355 gerichtete Anſchauungen vertreten. Es handele
2623 3350 3669 3406 ſich um ehemalige Angehörige aufgelöſter Ver⸗
2621 3402 3668 3459 bände, die aber ſchon vorher diefe Verbände
2620 3456 3665 3510 verlaſſen hätten, um ſich in geheimen Geſell⸗
2621 3506 3668 3566 ſchaften zuſammenzufinden mit dem Ziel, zu
2624 3557 3317 3612 direkten Aktionen überzugehen.
2664 3608 3663 3665 Die Hausſuchungen in der Rue Rotrou wer⸗
2619 3661 3659 3717 den immer noch fortgeſetzt und ſollen angeblich
2618 3710 3663 3771 bis zum Mittwoch dauern. Etwa ein Dutzend
2623 3760 3662 3825 Polizei⸗Inſpektoren unterſuchen peinlich genau
2625 3816 3667 3874 das Gerümpel in der Wohnung des Antiquitä⸗
2618 3870 3665 3925 tenhändlers Mauler in der Hoffnung, noch
2619 3920 3537 3976 weiteres Belaſtungsmaterial aufzufinden.
2658 3973 3663 4028 Außerhalb von Paris ſind u. a. in Ivry,
2624 4023 3661 4079 Fontainebleau, Melun, Avon, Dieppe und
2616 4076 3664 4132 Lille ebenfalls Hausſuchungen vorgenommen
2618 4129 3654 4186 worden. In Marſeille ſollen umfangreiche
2621 4179 3218 4232 Hausſuchungen bevorſtehen.
2665 4232 3655 4288 Zwiſchen der Angelegenheit der 200 Geheim⸗
2622 4283 3660 4341 ſender und den Waffenfunden ſcheint keinun⸗
2619 4336 3658 4392 mittelbarer Zuſammenhang zu be⸗
2619 4387 3656 4444 ſtehen. — In der Gegend von Montrouge hat
2612 4439 3658 4497 man inzwiſchen den Beſitzer eines ſolchen
2612 4491 3358 4544 Schwarzſenders dingfeſt gemacht.
3849 416 4719 499 Razzia gegen Rau chgifthändler
3753 501 4790 560 Die amerikaniſche Polizei ſprengt drei Kartelle
4248 580 4746 631 DNB Neuyork, 21. Nov.
3802 642 4786 697 Die Beamten des Bundesbüros zur Unter⸗
3749 704 4789 759 drückung geſetzwidrigen Rauſchgifthandels un⸗
3747 766 4793 824 ternahmen Freitagnacht gleichzeitig im Chine⸗
3753 831 4785 886 ſenviertel Neuyorks, in Chicago, San Fran⸗
3756 893 4710 949 zisko und anderen Städten große Razzien.
3800 958 4790 1017 Als Erfolg des Keſſeltreibens wird die
3757 1020 4786 1081 Sprengung von drei großen Rauſch⸗
3756 1088 4784 1141 giftkartellen mitgeteilt, die das ganze
3749 1147 4790 1205 Land umſpannen. Unter dieſen Kartellen be⸗
3745 1214 4784 1270 findet ſich ein chineſiſches. Der Jahresabſatz
3747 1278 4778 1337 derſelben betrug 500 000 bis 750 000 Dollars.
3745 1342 4781 1397 Das Keſſeltreiben fand ſowohl in den Opium⸗
3744 1404 4782 1460 höhlen der Chineſenſtadt, als auch in vornehm
3741 1465 4782 1522 eingerichteten Chineſenklubs in Privatwohnun⸗
3745 1532 4778 1588 gen und Reſtaurants ſtatt. Zahlreiche Perſonen
3749 1595 4778 1652 wurden verhaftet, darunter 17 Importeure und
3743 1657 4042 1707 Großhändler.
3792 1762 4719 1840 Eisenbahnunglück im Schneeſturm
4104 1858 4745 1912 DNB Neuyork, 21. November.
3789 1922 4773 1974 In der Nähe von Bluefield (Weſtvirginia)
3747 1977 4777 2028 ereignete ſich bei einem Schneeſturm ein ſchwe⸗
3743 2025 4776 2079 res Eiſenbahnunglück. In einer Kurve entgleiſten
3746 2081 4783 2132 mehrere Perſonen⸗ und Gepäckwagen; ein Per⸗
3745 2131 4779 2182 ſonenwagen, der vor allem mit Frauen und
3746 2183 4778 2234 Kindern beſetzt war, ſtürzte die Böſchung
3749 2232 4782 2286 hinab und ſchlug um. Dabei wurde eine Per⸗
3748 2284 4781 2340 ſon getötet und eine ungewöhnlich große An⸗
3744 2336 4311 2390 zahl, nämlich 57, verletzt.
4066 2467 4455 2608 In Kürze
3779 2621 4777 2678 Wie Reuter aus San Sebaſtian berichtet, hat
3736 2671 4775 2732 General Franco den Vorſchlag auf Entſendung
3737 2724 4773 2783 je einer Unterſuchungskommiſſion zu
3732 2776 4780 2830 beiden Parteien in Spanien im Zuſam⸗
3734 2829 4779 2883 menhang mit der Frage der Zurückziehung der
3737 2879 4607 2934 Freiwilligen grundſätzlich angenommen.
3776 2974 4770 3035 Der neue franzöſiſche Botſchafter
3736 3026 4778 3084 für Sowjetſpanien iſt am Samstagmittag im
3735 3082 4779 3135 Kraftwagen in Barcelona eingetroffen. Er be⸗
3738 3133 4769 3190 gab ſich ſofort in die Botſchaft und hat ſeinen
3737 3184 4370 3241 Poſten amtlich übernommen.
3776 3280 4779 3335 Im Palais des zurückgetretenen Gouverneurs
3724 3334 4773 3392 von Bahia, der gegen die neue Verfaſſung Stel⸗
3723 3387 4770 3439 lung zunehmen verſuchte, fand man ein rie⸗
3730 3439 4771 3490 ſiges Waffenarfenal offenbar kommu⸗
3731 3487 4764 3543 niſtiſcher Herkunft. Die Kommuniſtenverhaftun⸗
3735 3544 4776 3595 gen im Staate Pernambuco nehmen einen im⸗
3729 3596 4298 3645 mer größeren Umfang an.
3776 3689 4766 3741 In der Nähe von Boulogne ſur Mer brannte
3732 3746 4771 3796 am Samstagnachmittag eine Fabrik für Stein⸗
3731 3797 4766 3844 gutwaren völlig nieder. Drei große Gebäude
3731 3846 4777 3896 wurden ein Opfer der Flammen. Der Sachſcha⸗
3721 3899 4602 3948 den beträgt mehrere Millionen Francs.
3774 3994 4765 4045 Die italieniſche Preſſe behandelt den
3730 4044 4772 4099 Beſuch Lord Halifax in Deutſchland weiterhin
3726 4097 4340 4145 mit großer Aufmerkſamkeit,
3777 4191 4768 4246 Die bisher vom zweiten japaniſchen Geſchwa⸗
3724 4246 4768 4299 der an der nordchineſiſchen Küſte und vom drit⸗
3726 4296 4765 4350 ten Geſchwader in ſüdchineſiſchen Gewäſſern
3724 4350 4763 4402 durchgeführte Blockade gegen chineſiſche Fahr⸗
3722 4402 4766 4451 zeuge iſt jetzt unter den einheitlichen Oberbefehl
3717 4451 4763 4511 des Vizeadmirals Haſegawa geſtellt wor⸗
3723 4501 3816 4547 den.
533 4632 2399 4754 Anekdoten, Novellen und Erzählungen
794 4765 2151 4830 Eine kleine Auslese neuen deutschen Schrifttums
435 4877 1448 4928 Es wird für den einzelnen Leſer ſchwer ſein,
389 4927 1446 4970 aus der Fülle der Neuerſcheinungen im deut⸗
393 4973 1447 5020 ſchen Schrifttum immer das weſentliche Buch
389 5018 1448 5066 allſogleich herauszufinden, zumal der deutſche
389 5065 1447 5111 Markt in vieler Hinſicht auch noch — wie man
390 5111 1447 5158 zugeben muß — von durchſchnittlich guten
388 5155 1449 5205 Ueberſetzungen ausländiſchen Schrifttums be⸗
394 5201 1447 5250 ſchickt wird. Die nachfolgend genannten Bücher
388 5246 1448 5293 gehören zu jenen, die man vorbehaltlos je nach
386 5292 960 5345 Geſchmack empfehlen darf.
668 5360 1164 5408 Neue Anekdoten
428 5418 1445 5465 Die Pflege der deutſchen Aneldote liegt in der
389 5464 1438 5510 Gegenwart in den Händen Wilhelm Schäfers,
380 5510 1444 5556 der im Januar des kommenden Jahres ſeinen
381 5556 1438 5603 70. Geburtstag begeht. Die „Anekdoten“ des Dich⸗
383 5604 1444 5647 ters ſind in weiten Kreiſen verbreitet und er⸗
387 5650 1436 5697 freuen ſich auch großer Vorliebe bei der Jugend.
386 5695 1443 5740 Wilhelm Schäfer hat jetzt nach Jahren
380 5742 1445 5787 einen neuen Band unter dem Titel „Wende⸗
379 5787 1442 5832 kreis neuer Anekdoten“ (Langen /Mül⸗
380 5833 1437 5880 ler⸗Verlag, München. 1937. 264 S. Ln. 4,50 M.)
379 5879 1438 5926 veröffentlicht. Schäfer baut aus dem „Satzge⸗
380 5925 1440 5971 füge“ ſeine Anekdoten, die keine vergeſſene
381 5968 1438 6016 Kunſtart wiederbeleben wollen, ſondern die „der
375 6015 1442 6066 epiſchen Form in einer Zeit treu bleiben, die
381 6063 1440 6112 ſich der“ Zuſtandsſchilderung bis zur Ausſchwei⸗
384 6109 1441 6159 fung ergab“. Wenn wir ſo die gut zwei Dut⸗
381 6155 1435 6203 zend Anekdoten leſen und uns an ihnen herz⸗
377 6201 1443 6249 lich erfreuen, dann mag dieſe Feſtſtellung ge⸗
381 6246 1437 6295 nügen. Wilhelm Schäfer, der uns erzählt, daß
377 6292 1438 6341 er ſich an J. P. Hebel geübt habe, gab mit die⸗
378 6339 1440 6386 ſen neuen Anekdoten eine wohlabgemeſſene und
378 6384 1441 6435 dichteriſch abſolut geſtaltete Folge erzähleriſchen.
378 6431 1434 6478 Gutes, das wir als dankbare Leſer der deut⸗
378 6476 1435 6526 ſchen Dichtung niemals mehr miſſen möchten.
377 6521 1437 6567 Das klaſſiſche Vorbild iſt erreicht und beſtätigt
380 6567 1437 6614 uns die Einmaligkeit des Schöpfers. Man halte
381 6613 1434 6665 ſich an Beiſpiele wie „Der Freiburger Herr⸗
379 6658 1430 6710 gott“, „Das Mädchen von Lüneburg“, „Begeg⸗
376 6704 1434 6757 nung in Teplitz“, „Die Handſchuhe des Grafen
377 6752 1429 6803 Brochdorff⸗Rantzau“ und man wird beſtätigt
1510 4881 2557 4934 finden, daß hier deutſchem Weſen, deutſcher
1509 4929 2555 4975 Sprache in prägnanter Form letztgültiger Sinn
1500 4975 2556 5023 durch einen Dichter gegeben wurde. Dieſe Gabe
1504 5021 2557 5068 aber wollen wir dankbar und ehrfürchtig ent⸗
1509 5067 2551 5116 gegennehmen als ſchönſtes Geſchenk der Dich⸗
1504 5114 2020 5155 tung der letzten Jahre.
1896 5180 2174 5226 Novellen
1547 5238 2549 5285 In ihrer tragiſchen Ausweitung nähern ſich
1502 5284 2549 5327 von beſtimmter, Seite Pontens „Novellen“
1507 5327 2553 5374 (die jetzt in einem gleichnamigen Bande in der
1497 5375 2552 5422 Deutſchen Verlags⸗Anſtalt, Stuttgart, geſam⸗
1499 5421 2550 5466 melt erſchienen ſind) den Schäferſchen Anek⸗
1495 5466 2554 5515 doten. Ponten, der erſt kürzlich den Preis
1493 5511 2551 5557 der Hauptſtadt der Bewegung erhielt, iſt einer
1496 5560 2552 5610 von den wenigen Erzählern unſerer Zeit,
1494 5604 2543 5651 die prägnant ihren Stoff in gerader Linie auf
1496 5649 2547 5697 einen Punkt hin entwickeln. Der Novellenſtoff
1495 5697 2545 5741 verlangt wohl auch entgegen der Weltweite des
1493 5743 2547 5788 romanhaften Geſchehens eine derartige Be⸗
1501 5788 2551 5838 handlung. In dem Novellenbande Joſef Pon⸗
1495 5833 2546 5882 tens finden ſich ſeine zwölf beſten erzählenden
1495 5879 2548 5925 Arbeiten. Wir nennen hier nur „Die Uhr von
1492 5925 2544 5972 Gold“, „Der Meiſter“, „Der Gletſcher“, „Die
1490 5969 2548 6018 letzte Reiſe“. In der „Letzten Reiſe“ ſteht die
1498 6017 2545 6065 große Erkenntmmis zweier Menſchen, die aus dem
1494 6063 2548 6108 Leben gehen wollen und die, angeſichts der Na⸗
1488 6109 2545 6157 turgewalten, des ſchickſalhaften Anſpruchs, wie⸗
1487 6155 2543 6202 der zur Beſinnung geführt werden; „Wir ge⸗
1496 6200 2536 6248 hören in die Gemeinſchaft“. Unter dieſem glück⸗
1487 6246 2540 6294 lichen Zeichen ſteht der ganze Band, der zu dem
1487 6293 2539 6338 Beſten gehört, was wir an moderner erzählen⸗
1482 6338 2545 6386 der deutſcher, ja, europäiſcher Proſa kennen. —
1493 6384 2542 6432 In die Nachbarſchaft gehören auch die zahlrei⸗
1494 6430 2536 6475 chen, liebenswerten kleinen Novellen, die uns
1487 6475 2540 6522 Will Vesper nunmehr in der Geſamtaus⸗
1490 6521 2537 6567 gabe ſeiner Novellen „Geſchichten von
1489 6568 2539 6616 Liebe, Traum und Tod“ (Langen/ Müller⸗
1488 6614 2537 6660 Verlag, München 1937. S. 389. Ln. 5,50 M.)
1488 6660 2535 6710 vorlegt. Es ſind vornehmlich geſchicht⸗
1487 6705 2526 6753 licher Art, die uns Vesper erzählt, kleine novel⸗
1481 6752 2534 6802 liſtiſche Begebniſſe, die man gern einmal lieſt,
2612 4613 3668 4663 die nicht problematiſch werten wollen, ſondern
2616 4660 3666 4710 die aus dem Erlebnis heraus zu uns ſprechen
2617 4705 3669 4754 und hierbei in anmutiger Art kleine Schickſale
2621 4751 3666 4802 zu überhöhen verſtehen, ſo daß man den aben⸗
2615 4796 3664 4852 teuerlichen und graziöſen Geſchichten, die oft
2612 4843 3668 4890 von der Liebe in ihrer ſchillernden Buntheit
2615 4888 3665 4940 handeln, gern folgt. Geſchichten wie „Der ent⸗
2618 4934 3665 4983 flohene Bräutigam“, „Friedrich“, „Veneziani⸗
2609 4978 3649 5031 ſchess Abenteuer“ oder „Die ewige Wiederkehr“
2612 5025 3664 5074 „Der Ring“ begleiten uns weiter und ſind ein
2611 5071 3663 5121 ſchönes Zeugnis für die beſinnlichen Novellen
2609 5117 3669 5171 Vespers. Die heitere und bisweilen ernſte Me⸗
2613 5161 3656 5217 lodie ſchwebt weiter und klingt nach, man wird
2601 5208 3435 5259 alſo öfter nach dem Buche greifen . . .
2928 5284 3332 5342 Erzählungen
2653 5343 3654 5402 Der Novelle benachbart iſt die Erzählung. Oft
2606 5394 3651 5447 nur ſchwer voneinander zu unterſcheiden, glei⸗
2607 5439 3654 5493 chen ſie ſich wie Zwillingsgeſchwiſter. Das
2606 5485 3652 5542 fühlt man an den ſprachlich und gefühlsmäßig
2606 5532 3653 5586 ſehr ausgewogenen tragiſchen Erzählungen, die
2603 5578 3649 5632 Georg Britting unter dem Titel „Der
2604 5624 3650 5676 bekränzte Weiher“ (Langen⸗Müller⸗Ver⸗
2605 5669 3646 5724 lag, München 1937. S. 107. Geb. 2,20 RM.) ver⸗
2602 5714 3648 5772 öffentlichte. Dieſes Mal ſpielt die Mehrzahl
2597 5760 3641 5815 der Proſaſtücke wiederum an „ſeinem“ Strom,
2602 5808 3644 5859 an der Donau; aber in dem merkwürdigen Le⸗
2608 5854 3648 5911 bensbericht von den „Schweſtern“ wendet er ſich
2600 5900 3640 5955 ins niederdeutſche Gebiet und verſucht hier,
2603 5945 3647 5998 Menſchen in ihrer Eigenart und Schickſalsbe⸗
2599 5992 3643 6045 ſtimmung zu zeichnen. Das iſt, was die Per⸗
2601 6039 3639 6092 ſonen anbelangt, gelungen. Auch in der Titel⸗
2601 6086 3642 6140 geſchichte, die uns von einem ſchönen und liebe⸗
2598 6131 3643 6184 vollen Gedenken eines im Kriege gefallenen Ka⸗
2597 6178 3643 6232 meraden (während des Weltkrieges unter jun⸗
2597 6225 3642 6277 gen Menſchen) berichtet, ſteht das Geheimnis⸗
2597 6270 3641 6323 voll⸗Verwobene und das Idylliſche der Natur
2595 6317 3632 6368 im Einklang mit den Menſchen, nicht minder
2596 6363 3636 6415 etwa in der „Rettung“. Allen denen, die eine
2597 6409 3639 6464 bilderreiche und vom Gefühl liebevoll getragene
2596 6454 3632 6508 Sprache ſchätzen, wird der ſchmale Band des
2595 6500 3641 6555 Erzählers Georg Britting eine angenehme Be⸗
2595 6547 3632 6604 reicherung auch des eigenen Empfindens be⸗
2597 6597 2747 6642 deuten.
2638 6662 3625 6718 Erzählungen und Novellen, die Brüderlich⸗
2594 6706 3632 6760 keit der Arten betonend, gibt jetzt in einem
2590 6752 3629 6810 Bande „Die Gefährten“ (im Paul⸗Liſt⸗
3728 4621 4759 4679 Verlag, Leipzig 1937. S. 376. Ln. 6,50 RM.)
3722 4670 4764 4727 der Dichter Wilhelm von Scholz heraus.
3720 4715 4764 4775 Wir haben auf dieſen Band längere Zeit ge⸗
3727 4765 4760 4817 wartet und finden nun zu unſerer Freude un⸗
3724 4809 4758 4864 ſere Erwartungen beſtätigt. Es ſei hier nur an
3726 4856 4760 4909 eine ſo männliche Novelle wie „Die Pflicht“ er⸗
3723 4902 4758 4957 innert oder auf das „Kleine Damenbildnis“,
3720 4947 4760 5004 „Das Pferd Inoue“, „Die Lübecker Feuer⸗
3721 4995 4758 5049 probe“ oder an ſo heitre wie das „Examen“ er⸗
3719 5040 4760 5096 innert. Sie alle gebenen in ihrer klaren und her⸗
3717 5085 4757 5141 ben Kunſt ein Abbild vom dichteriſchen Weſen
3720 5131 4200 5184 Wilhelm von Scholz'.
3766 5179 4757 5236 Wer die „Erzählungen“ und die großen epi⸗
3718 5225 4760 5278 ſchen Werke des Dichters kennt und ihnen ein
3716 5271 4753 5329 Freund iſt, der wird ſich an dem neuen Buch
3714 5317 4756 5374 einen wahrhaften „Gefährten“ erwählt haben,
3718 5361 4759 5419 denn es zeigt in mannigfachen Varianten die
3715 5410 4759 5465 umfaſſende Begabung des Dichters vom Tragi⸗
3718 5454 4753 5512 ſchen bis zum Humoriſtiſchen. Wobei wohl zu
3723 5502 4764 5552 ſagen iſt, daß beide — Tragik und Humor —
3713 5547 4759 5602 ſehr wohl nahe beieinander weilen können und
3716 5592 4189 5641 auch eigentlich ſollen.
3752 5641 4756 5697 Daß Wilhelm von Scholz ſeine Novellen und
3708 5685 4752 5744 Erzählungen in ihrem Aufbau, in der formalen
3704 5735 4754 5792 Geſtaltungsart diſzipliniert vor uns ausbreitet,
3715 5780 4753 5839 iſt ganz ſelbſtverſtändlich. Wir erkennen in den
3713 5826 4755 5886 „Gefährten“ die dichteriſche Ausdrucksfähigkeit
3707 5873 4751 5931 eines unſerer beſten und aufrichtigſten Künſt⸗
3707 5919 4756 5979 lers unſerer Zeit, der aus dem Unbegreiflichen
3707 5967 4753 6025 das Weſentliche macht und die unergründlichen
3707 6012 4758 6073 Kräfte der menſchlichen Phantafie ſo in den Vor⸗
3703 6058 4750 6122 dergrund rückt, daß man ſich von ihnen einfan⸗
3711 6107 4563 6163 gen läßt und alle Problematik vergißt.
3750 6151 4750 6212 Wenn wir uns angeſichts dieſer fünf neuen
3703 6197 4747 6262 Bände und ihrer für das deutſche Schrifttum
3703 6244 4748 6305 wichtigen Autoren daran erinnern, daß ſie als
3709 6289 4747 6354 Zeugniſſe deutſcher Gegenwart zu gelten haben,
3701 6337 4738 6401 ſo dürfen wir getroſt zu dieſen Büchern greifen,
3703 6384 4744 6442 weil ſie begründet im Weſen des deutſchen Vol⸗
3702 6427 4745 6491 kes die Anknüpfung an das Allgemein⸗Menſch⸗
3701 6475 4743 6534 liche ſuchen und erreichen. Als ſinnfälliges
3704 6522 4745 6582 Beiſpiel mag hier Wilhelm Schäfers großartige
3704 6567 4749 6627 weſensmäßig deutſche Anekdote von den „Hand⸗
3703 6614 4735 6675 ſchuhen des Grafen Brockdorff⸗Rantzau“ gelten.
3700 6660 4738 6724 Sie poſtuliert darüber hinaus eine ſittliche For⸗
3703 6707 4593 6765 derung. Das aber iſt wahrhaft deutſch!
4356 6771 4703 6828 Heinz Grothe.
