5201 7294
471 331 1162 398 „Hakenkreuzbanner“
2135 259 3160 394 Sport und Spiel
4132 322 4806 397 Sonntag, 21. November 1937
552 495 3629 734 Kurven, im Renntempo gefehen . . . / Von Rudolf Caracciola
979 797 1519 840 Rudolf Caracciola, der in
943 849 1517 896 dieſem Jahr auf Mercedes⸗
941 905 1519 947 Benz die „Deutſche Meiſter⸗
942 958 1517 1000 ſchaft“ und die „Europamei⸗
941 1010 1515 1053 ſterſchaft“ errang, verrät in
944 1063 1514 1109 dem nachſtehenden Aufſatz ei⸗
939 1117 1513 1160 nige Geheimniſſe ſeiner viel⸗
938 1169 1454 1216 bewunderten Kurventechnit.
489 1256 1499 1321 Wohl jeder Autofahrer kennt die alte Fauſt⸗
443 1307 1494 1367 regel: Schleudert der Wagen in der Kurve,
449 1350 1506 1411 dann ſofort Gas geben, um ihn dadurch wieder
445 1399 1508 1454 „aufzurichten“. Wenn der Fahrer eines moder⸗
446 1448 1498 1504 nen mehrhundertpferdigen Rennwagens danach
454 1490 1015 1540 handeln würde — na . . .
497 1538 1504 1595 Im Ernſt: Das rennmäßige Nehmen von
451 1583 1508 1642 Kurven mit unſeren heutigen ungeheuer ſtarken
448 1630 1500 1686 und ſchnellen Rennwagen iſt eine alles andere
445 1676 1496 1735 als einfache Kunſt. Um ſie zu beherrſchen, muß
439 1725 1504 1780 man erſtens ganz genau wiſſen, was ſich beim
442 1767 1498 1826 Gasgeben und Bremſen ereignet, muß man
451 1816 1502 1873 zweitens ein außerordentlich feines Gefühl da⸗
453 1862 1507 1918 für haben, wieviel Gas man geben oder wie
450 1908 1500 1963 ſtark man bremſen darf, und muß man drittens
447 1958 1504 2011 mit abſoluter Sicherheit Entfernungen zu ſchät⸗
451 2002 1498 2057 zen verſtehen, denn bei den enormen Geſchwin⸗
440 2049 1499 2104 digkeiten iſt man an die Kurven heran, ehe man
454 2095 864 2145 ſich's verſehen hat.
498 2141 1501 2196 Die Kraft, welche die Räder des Rennwagens
447 2186 1503 2242 beim Nehmen einer Kurve davor bewahrt, un⸗
447 2234 1493 2290 ter dem Einfluß der Zentrifugalkraft nach
446 2280 1499 2336 außen abzurutſchen, bezeichnet man als „Spur⸗
446 2325 1496 2380 haftung“. Ihre Stärke iſt abhängig erſtens von
444 2371 1495 2425 der Größe des Radauflagedrucks und zweitens
441 2420 1497 2472 von dem Reibungsfaktor zwiſchen Reifen und
447 2465 1496 2518 Fahrbahn. In „Reinkultur“ tritt die Spurhaf⸗
441 2512 1497 2565 tung dann in Erſcheinung, wenn der Wagen
444 2559 1502 2609 ungebremſt und unangetrieben durch eine Kurve
436 2605 1498 2657 rollt, die Räder alſo keinerlei Umfangskräfte
440 2651 1338 2701 auf die  Fahrbahn zu übertragen haben..
485 2698 1497 2746 Im Rennen iſt das aber bekanntlich nur
439 2742 1492 2795 höchſt ſelten der Fall. Was geſchieht nun beim
442 2791 1486 2842 Gasgeben oder Bremſen? Die Spurhaftung
441 2837 1494 2886 muß ſich mit den dabei in der Rollrichtung des
437 2882 1491 2934 Rades auftretenden Kräften „verſtändigen“,
443 2931 1492 2980 was unvermeidlich auf ihre Koſten geht. Neh⸗
437 2977 1496 3025 men wir ein praktiſches Beiſpiel: der Fahrer
438 3021 1497 3069 drückt nach dem Einlaufen in die Kurve das
438 3067 1495 3115 Gaspedal herunter, um den Wagen von neuem
440 3114 1493 3163 zu beſchleunigen. Die Vorderräder ſind in die⸗
436 3814 1477 3865 ſem Augenblick weder angetrieben noch gebremſt,
429 3862 1482 3911 beſitzen alſo die unter den gegebenen Verhält⸗
429 3907 1482 3956 niſſen größtmögliche Spurhaftung. Bei den
432 3955 1481 4004 Hinterrädern dagegen nimmt die Uebertragung
430 4000 1482 4050 der rieſigen Motorkraft auf die Fahrbahn einen
429 4047 1482 4096 Großteil des Produktes aus Auflagedruck und
423 4093 1483 4142 Reibungsfaktor in Anſpruch, ſo daß für die
430 4140 1483 4189 Spurhaftung nur noch wenig übrig bleibt. Die
430 4187 1480 4235 Hinterräder neigen infolgedeſſen dazu, nach
428 4233 1483 4280 außen wegzurutſchen, was der Fahrer wiederum
430 4278 1479 4328 durch leichtes Gegeneinſchlagen der Lenkung
430 4326 1482 4374 zu korrigieren ſucht. Es ſtelt ſich auf dieſe
425 4371 1480 4419 Weiſe ein labides Kräftegleichgewicht ein, bei
423 4417 1483 4466 dem der Wagen, wie es in der Rennfahrer⸗
426 4464 1481 4512 ſprache heißt, „wiſchend“ durch die Kurve fegt.
475 4520 1483 4570 Natürlich ſetzt dieſe Art des Kurvennehmens
427 4569 1483 4617 eine abſolut ſichere Beherrſchung des Wagens
428 4616 1483 4664 durch den Fahrer voraus. Er muß vor allem
426 4662 1476 4711 haargenau fühlen, wieviel Gas er geben darf,
422 4709 1482 4757 damit die Hinterräder nicht etwa zu viel An⸗
423 4756 1484 4804 trieb bekommen und beginnen durchzudrehen.
421 4802 1482 4851 In dem Achtzylinder⸗Kompreſſormotor des Mer⸗
421 4849 1480 4897 cedes⸗Benz Grand⸗Prix⸗Rennwagens Modell
423 4896 1482 4944 1937 ſtecken über 500 PS; bei brüskem Gasgeben
422 4943 1479 4991 reißt dieſe enorme Leiſtung die Hinterräder auch
421 4991 1481 5038 auf der rauheſten Fahrbahn ohne weiteres
421 5037 1480 5084 durch. Im gleichen Augenblick ſinkt aber die
421 5084 1481 5132 Spurhaftung ſo gut wie auf Null, die Räder
423 5127 1478 5179 rutſchen ſeitlich fort und der Wagen gerät in
423 5177 957 5225 gefährliches Schleudern.
466 5235 1478 5284 Ein guter Rennfahrer ſpürt in ſeinem „Süd⸗
420 5278 1472 5332 pol“ ganz deutlich das beginnende „Wifchen“
419 5328 1478 5377 der Hinterräder und erkennt daran, wie ſtark er
422 5375 1480 5423 Gas geben darf und wie ſchnell er die Kurve
420 5422 1480 5469 durchfahren kann. Wir Rennfahrer haben zu⸗
422 5468 1478 5516 dem bekanntlich nach Maß gearbeitete Sitze, in
419 5516 1476 5561 denen wir jede kleinſte Bewegung des Wagens
419 5562 1475 5611 mitmachen, ohne erſt hin und her zu rutſchen
420 5608 1478 5657 oder hochgeworfen zu werden. Die Sitzfläche
420 5654 1474 5706 des Fahrers iſt alſo gewiſſermaßen das Gleich⸗
420 5703 1365 5751 gewichtszentrum des ganzen Rennwagens.
464 5760 1475 5810 Im Rennen iſt zu langen Ueberlegungen keine
422 5807 1478 5857 Zeit, vielmehr muß der Fahrer blitzſchnell und
419 5854 1475 5902 volllommen gefühlsmäßig reagieren. Die Tri⸗
418 5900 1475 5949 polis⸗Rennſtrecke beiſpielsweiſe enthält verſchie⸗
418 5947 1480 5996 dene Kurven, die Runde für Runde mit 240 bis
418 5993 1470 6043 250 Km.⸗Std. durchfahren werden. Es genügt
418 6039 1475 6090 nun nicht, daß der Fahrer dieſe Rurven ſozu⸗
418 6088 1466 6137 ſogde techniſch einwandfrei zu nehmen verſteht,
418 6134 1466 6184 ſondern er darf ſich auch durch evtl. notwendig
418 6180 1473 6230 werdende Ueberholungsmanöver oder derglei⸗
419 6226 1473 6279 chen nicht aus dem Konzept bringen laſſen. Er
418 6274 1473 6325 muß die Kurven in einem ſolchen Fall anders
417 6320 1474 6372 anſchneiden als im Training, kommt vielleicht
419 6367 1471 6419 mit zu hohem Tempo heran und muß den Wa⸗
419 6414 1468 6471 gen im letzten Moment herunterbremſen. Dies
1574 753 2630 804 bedingt ein hervorragendes Schätzungsvermögen
1577 803 2627 854 für Entfernungen und für die eigene Geſchwin⸗
1578 847 2624 898 digkeit, denn zu einem Blick auf den Drehzahl⸗
1578 896 2622 944 meſſer, an dem man das Tempo ableſen kann,
1571 943 2627 991 iſt in derartigen Situationen auch nicht eine
1580 990 2103 1038 Hundertſtelſekunde Zeit.
1619 1048 2626 1096 Zu alledem kommt noch die Rückſicht auf die
1572 1095 2624 1142 Reifen, die bei zu ſcharfem Gasgeben und
1572 1141 2626 1189 Bremſen übermäßig raſch abgenutzt werden und
1571 1188 2623 1234 dann die unangenehmſten Ueberraſchungen be⸗
1571 1234 2620 1282 reiten können. Schon ſo mancher faſt ſichere Sieg
1571 1281 2630 1327 iſt im letzten Moment dadurch verſchenkt wor⸗
1571 1326 2624 1375 den, daß der Fahrer im Kampfeseifer den Rei⸗
1569 1374 2566 1422 fen nicht genügend Beachtung geſchenkt hatte.
1617 1431 2620 1478 Man hat, denke ich, jetzt einen ungefähren Be⸗
1569 1477 2624 1526 griff davon bekommen, was ein junger Fahrer
1569 1524 2623 1571 alles lernen und darüber hinaus an angebore⸗
1570 1572 2626 1617 nem „Kurvengefühl“ mitbringen muß, wenn er
1568 1616 2619 1666 mit einiger Ausſicht auf Erfolg ſchwere, ſchnelle
1569 1660 2623 1711 Rennen beſtreiten will. Die ſyſtematiſche Schu⸗
1567 1708 2618 1758 lung des Nachwuchſes gehört deshalb zu den
1565 1756 2616 1805 wichtigſten Aufgaben eines verantwortungsbe⸗
1560 1800 2614 1851 wußten Rennſtall⸗Leiters. Bei Mercedes-Benz
2688 756 3736 807 hat man dieſer Frage von jeher beſondere Be⸗
2682 803 3731 854 achtung geſchenkt und mit Oberingenieur Alfred
2684 851 3729 896 Neubauer einen Mann an die Spitze der Renn⸗
2684 895 3732 945 mannſchaft geſtellt, der eine geradezu einzig⸗
2681 943 3733 993 artige Spürnaſe im Auffinden neuer Fahr⸗
2676 991 2989 1040 talente beſitzt.
3238 1809 3726 1847 (Zeichnungen MB-Dienst 3)
1695 1948 3594 2132 Abbrucciati ſchlägt Beck nach Punkten
1992 2162 3274 2226 beim Internationalen Berufsboxabend in Düſſeldorf
1601 2269 2605 2322 Vor 3000 Zuſchauern wurde am Freitagabend
1559 2319 2604 2369 in Düſſeldorf eine internationale Berufsbox⸗
1561 2365 2605 2416 Veranſtaltung abgewickelt, in deren Mittelpunkt
1556 2413 2606 2463 der Federgewichtskampf zwiſchen dem deutſchen
1562 2458 2607 2510 Meiſter Karl Beck (Düſſeldorf) und dem Ita⸗
1560 2504 2605 2554 liener Abbrucciati ſtand. Nach einer
1555 2551 2606 2601 längeren Serie von ſchönen Erfolgen wurde
1552 2597 2605 2646 Beck in dieſem Kampf überraſchend nach Punk⸗
1559 2643 2604 2694 ten geſchlagen. Ueber die zehn Runden verlegte
1555 2691 2605 2741 ſich Beck zu ſehr auf Konterarbeit und konnte
1553 2734 2600 2786 damit die weitaus größere Routine des Ita⸗
1557 2785 2606 2832 lieners nicht ausgleichen. Der Südländer war
1557 2829 2607 2879 ſchnell und bevorzugte für ſeine Schläge vor
1555 2873 2605 2924 allem die Körperpartien des Düſſeldorfers. Der
1556 2920 2597 2972 Punktſieg Abbrucciatis in dieſem techniſch famo⸗
1555 2969 2416 3020 ſen Treffen war vollkommen verdient.
1597 3056 2604 3108 Im Einleitungskampf ſtanden ſich vorher die
1549 3103 2598 3156 Weltergewichtler Knoth (Düſſeldorf), der
1553 3150 2594 3202 ſeinen erſten Kampf als Berufsboxer beſtritt,
1552 3196 2598 3247 und Rudi Schmitt (Mannheim) über vier
1553 3241 2601 3295 Runden gegenüber. Knoth wurde verdienter
1549 3288 2594 3343 Punktſieger. — In der zweiten Weltergewichts⸗
2667 2265 3712 2317 begegnung trat an Stelle von Veneziano (Lu⸗
2665 2312 3713 2364 xemburg) ſein Landsmann Gorny gegen den
2663 2358 3712 2409 Krefelder Kleinhütten an. Nach ſechs
2664 2405 3718 2455 Runden gab es einen neuen Erfolg von Klein⸗
2667 2451 3717 2501 hütten, der, obwohl von der zweiten Runde ab
2667 2495 3715 2547 an der rechten Hand verletzt, ſtets im Vorteil
2661 2544 3713 2593 blieb und ſicher nach Punkten gewann. — Eine
2662 2590 3715 2639 große Enttäuſchung brachte das Schwergewichts⸗
2660 2636 3701 2687 treffen zwiſchen Willy Müller (Düſſeldorf)
2661 2682 3719 2733 und Kurt Joſt (Frankfurt a. M.) Beide Bo⸗
2662 2727 3714 2780 xer zeigten wenig, bevorzugten den Nahkampf
2665 2774 3711 2824 und kämpften ſehr unüberlegt. Joſt hatte da⸗
2662 2820 3713 2870 bei verſchiedentlich klare Vorteile, da Müller
2663 2866 3711 2918 zu unentſchloſſen war. Dennoch wurde Müller
2664 2914 3714 2964 zum Punktſieger über acht Runden erklärt, was
2665 2960 3604 3010 ſtürmiſchen Proteſt der Zuſchauer auslöſte.
2704 3004 3707 3055 Im Schlußkampf des Abends ſtanden ſich die
2659 3051 3705 3102 Weltergewichtler Walter Müller (Gera) und
2661 3097 3708 3146 der Italiener Janozzi gegenüber. Müller
2662 3143 3706 3192 kam zu einem entſcheidenden Sieg, da der Gaſt
2660 3190 3707 3240 infolge Verletzungen über beiden Augen auf
2661 3235 3711 3286 ärztliches Anraten hin in der ſechſten Runde
2659 3286 3022 3333 aufgeben mußte.
1628 3444 3628 3577 Schluß mit der mechaniſchen Boxlehre!
1707 3605 2595 3653 Der Boxlehrer an der Reichsakademie für
1663 3652 2595 3697 Leibesübungen und frühere Deutſche Meiſter
1665 3698 2591 3741 Konrad Stein ſtellt uns einen Artikel zur
1663 3746 2592 3790 Verfügung, in dem er einmal die Bemühungen
1662 3791 2591 3832 aufzeigt, die durch verſchiedene Einflüſſe in den
1662 3835 2592 3878 früheren Fahren verwaſchene Boxlehre wieder
1662 3880 2589 3922 auf den Boden einer nüchternen Zweckmäßigkeit
1660 3925 2591 3966 zurückzuführen. Dem „Schlagrepertoire“ der
1660 3970 2590 4012 Kampfberichte ſtellt er die Tatſache gegenüber,
1662 4012 2592 4059 daß er tatſächlich nur zwei Schläge gibt, näm⸗
1660 4061 2591 4103 lich die Geraden, und alles andere nur aus der
1661 4107 2588 4148 Sekunde des Kampfes bedingte Abwandlungen
1656 4154 1756 4197 ſind.
1588 4215 2592 4266 Man trifft immer wieder Meinungsverſchie⸗
1536 4265 2591 4314 denheiten über Zweck und Ziel des Fauſtkamp⸗
1543 4312 2582 4362 fes an, vor allem aber auch über deſſen Art.
1539 4358 2587 4408 Da wird fo häufig über Technik geſprochen
1541 4406 2588 4455 und die wenigſten können ſich darunter etwas
1542 4453 2588 4502 vorſtellen. Technik im Boxen iſt nichts an⸗
1539 4500 2588 4547 deres als Können. Ein Könner iſt aber nur
1537 4546 2589 4594 derjenige, der in ehrlichem, mannhaften Kampf
1535 4592 2587 4641 beherrſcht handelt. Geiſtesgegenwart und blitz⸗
1539 4639 2588 4688 ſchnelle Entſchlußkraft zeigt, ſelbſtſicher iſt und
1545 4687 2584 4735 ſeinen Willen zweckentſprechend einſetzt. Es
1537 4734 2583 4781 kommt alſo nicht darauf an, daß ſaubere linke
1541 4781 2588 4830 und gerade Stöße und ſchöne Bewegungen ge⸗
1537 4828 2587 4877 zeigt werden, ſondern vor allem, wie und
1534 4874 2583 4924 wann die Stöße eingeſetzt werden. Damit iſt
1538 4921 2581 4971 ſchon geſagt, daß ſich auch ein Boxer, der auf
1535 4968 2588 5017 Grund ſeiner beſonderen körperlichen Veran⸗
1536 5016 2588 5065 lagung nicht den Diſtanzkampf bevorzugt, zu
1534 5063 2278 5116 einem Techniker entwickeln kann.
1580 5155 2541 5213 Boxen kann man nicht am Sandſack lernen
1573 5227 2583 5277 Eine beſondere Aufgabe hat hier auch der
1532 5275 2583 5323 Boxlehrer zu erfüllen, deſſen wichtigſtes Ge⸗
1531 5322 2585 5370 biet eben die Richtigſtellung tief verwurzelter
1535 5369 2585 5417 falſcher Auffaſſungen umfaßt. Seine erſte Ar⸗
1529 5416 2586 5464 beit iſt die Beſeitigung der Unſicherheit und
1528 5462 2577 5511 der Hemmungen des Schülers, was nicht durch
1528 5510 2574 5559 mechaniſche Uebungen erreicht werden kann,
1530 5558 2580 5605 ſondern nur durch eine zweckmäßige Uebungs⸗
1530 5605 2581 5652 weiſe mit dem Partner. Wie der Schwimm⸗
1530 5651 2582 5699 lehrer bemüht iſt, entgegen früheren Auffaſſun⸗
1529 5697 2576 5746 gen ſeinem Schüler zunächſt einmal die Angſt
1529 5745 2579 5793 vor dem Waſſer zu nehmen, ſo muß auch der
1523 5792 2578 5840 Boxlehrer ähnlich vorgehen. Mit Ausnahme
1525 5839 2577 5885 der wenigen Vorübungen, die Anleitungen
1530 5885 2576 5934 über Fauſthaltung, Boxſtellung, linker und
1527 5932 2580 5980 rechter Stoß, Schrittbewegungen und Verbin⸗
1528 5978 2577 6028 dung von Stoß⸗ und Schrittbewegung ent⸗
1534 6025 2576 6075 halten, werden in der Grundausbildung nicht
1527 6073 2566 6120 nur körperliche Geſamtbewegungen vermittelt,
1528 6119 2576 6167 ſondern hauptſächlich Uebungen gefordert, die
1527 6166 2577 6215 ausſchließung der Entwicklung der Kampf⸗
1527 6213 1983 6261 eigenſchaften dienen.
1742 6297 2354 6346 Vor allem Selbſtvertrauen
1568 6366 2574 6415 Die Schulung in dieſer Richtung ſetzt ein
1528 6414 2574 6468 mit der Gewöhnung an den Gegner und gip⸗
2650 3601 3698 3653 felt in der Ueberwindung jener Hemmungen,
2661 3649 3701 3699 die normalerweiſe jeden Anfänger nur ſchwer
2658 3695 3705 3746 zur Entwicklung ſeiner eigentlichen Fähigkeiten
2659 3741 3698 3793 gelangen laſſen. Der leiſtungsmäßige Aufbau
2656 3788 3702 3840 muß vor allem der Stärkung des Selbſt⸗
2655 3837 3702 3882 vertrauens dienen. Gleichzeitig wird der
2653 3882 3704 3931 Schüler durch die Partnerübungen ſowohl zur
2652 3929 3698 3979 Selbſtändigkeit als auch zu einer kaltblütigen
2649 3976 3694 4026 Ueberlegungsfähigkeit erzogen, ſo daß er ſelbſt
2657 4024 3702 4072 in beweglicher Kampfhandlung einen klaren
2651 4070 3694 4118 Ueberblick behält. Je früher damit begonnen
2656 4119 3703 4167 wird, je weniger Mittel in Form von erlernten
2650 4165 3696 4213 Stößen und Bewegungen zur Verfügung
2656 4211 3700 4260 ſtehen, um ſo einfacher iſt die Arbeit und um
2657 4259 3701 4307 ſo größer der Erfolg. Erſt wenn der
2650 4305 3700 4354 Schüler über Sicherheit und Selbſt⸗
2650 4352 3703 4399 vertrauen verfügt, hat es Zweck, mit
2654 4399 3699 4447 der techniſchen Ausbildung, weiterzugehen.
2651 4445 3692 4493 Durch die frühzeitige ſyſtematiſche Gewöhnung
2645 4493 3697 4541 an die Kampfhandlung wird erreicht, daß der
2647 4539 3702 4588 Schüler ſich von Anfang an dem Kampf ſtellen
2649 4586 3692 4634 muß, nicht um ſich vor der Gefahr zu fürch⸗
2649 4633 3701 4681 ten, ſondern um ſie zu meiſtern. Er muß die
2647 4680 3696 4727 Angriffe des Gegners ſchon im Anſatz erkennen
2650 4727 3697 4774 lernen, um ſie rechtzeitig mit Abwehr und
2645 4774 3479 4822 Gegenangriff unſchädlich zu machen.
2841 4891 3511 4940 Doppeldeckung iſt Unſicherheit
2687 4974 3696 5022 Das zweckmäßige Boxen kennt keinen rein
2650 5020 3692 5069 ſelbſtändigen Angriff oder eine in ſich abge⸗
2645 5068 3698 5116 ſchloſſene Verteidigung. Abwehr iſt mit An⸗
2647 5115 3696 5163 griff verbunden oder ſie iſt die Vorausſetung,
2642 5161 3690 5209 zum Gegenangriff. Paſſive Abwehr im Kampf
2647 5206 3687 5256 führt zu einem dauernden Verteidigungszu⸗
2647 5255 3685 5304 ſtand, der in der ſogenannten Doppeldeckung
2644 5301 3685 5350 endigt. Dieſe Kampfart widerſpricht der heu⸗
2643 5348 3687 5395 tigen ſportlichen Auffaffung und hindert vor
2638 5394 3686 5443 allem die techniſche Entwicklung. Doppel⸗
2641 5442 3690 5489 deckung iſt ein Ausdruck der Unſicherheit und
2639 5488 3690 5537 muß daher aus dem Ausbildungsplan ver⸗
2645 5535 3685 5582 ſchwinden. Auch die zu betonte Gerätearbeit
2643 5582 3680 5631 enthält für die Grundausbildung eine große
2637 5629 3679 5678 Gefahr der Mechaniſierung der Bewegungem.
2639 5676 3688 5725 Die Boxgeräte ſind wegen ihres im großen
2639 5723 3685 5772 und ganzen gleichbleibenden Rhythmuſſes ohne
2635 5770 3677 5819 beſonderen praktiſchen Wert für die Schulung.
2635 5816 3685 5865 Erſt wenn beim Schüler die Haltung im
2636 5864 3687 5912 Kampf und das zweckmäßige Zuſammenſpiel
2635 5911 3688 5958 von Angriff und Abwehr eine Selbſtverſtänd⸗
2632 5956 3684 6006 lichkeit geworden iſt, kann Geräteboxen einge⸗
2640 6003 2981 6052 ſchaltet werden.
2678 6082 3674 6135 Vielfach kann man die Beobachtung machen,
2632 6133 3682 6183 daß die Auffaſſung über die kämpferiſchen
2629 6180 3683 6230 Eigenſchaften des Fauſtkampfes mit Härte im
2636 6227 3685 6276 Nehmen oder mit dem mutigen Ertragen von
2628 6273 3679 6321 Schlägen verwechſelt wird. Es kommt niemals
2634 6322 3677 6370 darauf an, Mut zu zeigen, um anſtändig zu
2630 6364 3675 6418 verlieren, ſondern Mut und Einſatzbereitſchaft
2630 6414 3623 6466 müſſen getragen ſein vom Willen zum Sieg.
3897 491 4725 602 Die deutſche Tennisrangliſte
3849 617 4777 669 Gottfried v. Cramm und Marieluiſe Horn
3835 684 4807 738 Das Fachamt Tennis im Deutſchen Reichs⸗
3794 734 4805 784 bund für Leibesübungen hat jetzt die beiden
3795 781 4803 833 Tennisrangliſten veröffentlicht, die wie ſchon
3791 828 4808 879 im vergangenen Jahre wieder von Gottfried
3790 877 4805 924 v. Cramm (Berlin) und Marieluiſe Horn
3802 921 4804 975 (Wiesbaden) angeführt werden und wie folgt
3793 974 4012 1020 ausſehen:
3838 1011 4804 1064 Männer: 1. G. v. Cramm (Berlin), 2. H.
3793 1062 4804 1114 Henkel (Berlin), 3. E. Dettmer (Berlin), 4. H.
3792 1111 4802 1160 Denker (Harburg), 5. Dr. Tübben (Kiel), 6. L.
3795 1157 4802 1208 Haenſch (Dresden), 7. R. Göpfert (Berlin),
3787 1205 4800 1254 8. I. Hildebrandt (Mannheim), 9. I. Pohlhau⸗
3785 1249 4699 1301 ſen (Düſfeldorf), 10. A. Gerftel (Berlin).
3841 1294 4803 1347 Frauen: 1. M. Horn (Wiesbaden), 2. I.
3791 1344 4801 1393 Roft (Murnau), 3. A. Ullſtein (Leipzig), 4. G.
3788 1392 4801 1440 Enger (Berlin), 5. C. Beutter (Stuttgart), 6.
3791 1438 4802 1485 M. Käppel (Berlin), 7. M. Blumenfeld⸗Haepp
3798 1484 4802 1532 (Berlin), 8. L. Fabian (Berlin), 9. T. Hamel
3792 1531 4521 1584 (Berlin), 10. E. Weber (Berlin).
3896 1615 4734 1700 Nat onale Tennis⸗Meiſterſchaften
3831 1718 4799 1766 Nachdem auf der Tagung des Fachamtes Ten⸗
3788 1765 4802 1812 nis in Berlin die wichtigſten Fragen behandelt
3786 1812 4801 1859 worden waren und der neue Reichsfachamts⸗
3786 1858 4804 1905 leiter Schönborn dafür eintrat, daß alle inner⸗
3783 1904 4799 1952 deutſchen Meiſterſchaften ortsfeſt werden, wur⸗
3781 1952 4801 2000 den für die nationalen Meiſterſchaften in Braun⸗
3789 1998 4800 2047 ſchweig ſowie für die Mannſchaftsprüfung des
3782 2046 4802 2095 deutſchen Tennis, die Medenſpiele, jetzt auch die
3781 2092 4342 2144 Termine bekanntgegeben.
3925 2185 4686 2283 Kavallerieſchule Hannover
4065 2301 4556 2348 zieht nach Berlin um
3824 2368 4800 2422 Schon ſeit längerer Zeit beſteht die Abſicht,
3783 2418 4797 2465 den Sitz der Kavallerieſchule, die erſt vor weni⸗
3780 2465 4798 2514 gen Wochen 70 Jahre in Hannover beheimatet
3780 2512 4800 2562 war, in die Nähe von Berlin zu verlegen, da
3775 2559 4796 2608 ſich hier in Döberitz wohl das idealſte Rei⸗
3779 2606 4804 2655 gelände befindet. Bei Krampnitz wurde im
3778 2651 4800 2702 Vorjahre mit dem Neubau der Stallungen und
3776 2699 4797 2750 Unterkünfte begonnen, und in dieſen Tagen
3777 2745 4798 2796 feierte die Belegſchaft das althergebrachte Richt⸗
3780 2792 4797 2844 feſt im Beiſein des Inſpektors der Kavallerie,
3780 2839 4324 2886 General von Pogrell.
3820 2886 4796 2934 Die erſten beiden Abteilungen, die bereits im
3773 2931 4797 2984 Lager Döberitz ſind, werden vorausſichtlich im
3771 2978 4801 3028 Auguſt nächſten Jahres ihr Quartier beziehen,
3770 3023 4796 3073 während der Spring⸗, Schul⸗, Vielſeitigkeits⸗
3769 3071 4797 3121 und Rennſtall im Frühjahr 1939 folgen werden
3772 3119 4799 3165 und die Olympiareiter dann gleich in Döberiz
3772 3164 4795 3213 ihre Vorbereitungen für die Olympiſchen Spiele
3772 3212 4796 3260 1940 in Tokio beginnen. Die reſtlichen Abtei⸗
3769 3257 4792 3308 lungen der Kavallerieſchule verlaſſen im Laufe
3770 3305 4381 3356 des Jahres 1939 Hannover.
3922 3396 4661 3473 Saar⸗Sportſperre aufgehoben
3815 3486 4798 3541 Die Sportſperre hat im Gau Südweſt durch
3770 3539 4800 3587 die Aufhebung des Spielverbots in der Be⸗
3770 3584 4795 3635 zirksgruppe Saar eine weitere Auflockerung er⸗
3769 3630 4800 3683 fahren. Feſt ſteht bis jetzt, daß Boruſſia Neun⸗
3765 3681 4800 3728 kirchen und FV Saarbrücken ihr für den 28. No⸗
3762 3728 4800 3776 vember angeſetztes Meiſterſchaftsſpiel austragen
3763 3775 4795 3824 können. Ebenſo darf auch die Bezirksklaſſe
3760 3823 4588 3870 ihren Spielbetrieb wiederaufnehmen.
3878 3914 4715 3991 Spielausfälle in der Bezirksklaſſe
3810 4005 4798 4059 Am 21. November fallen folgende Spiele aus:
3764 4056 4044 4103 Abteilung 1:
3900 4102 4550 4150 Hockenheim — 08 Mannheim
3899 4149 4568 4197 Neulußheim — 07 Mannheim
3766 4191 4046 4245 Abteilung 2:
3907 4237 4489 4292 Wiesloch — 05 Heidelberg
3905 4288 4499 4337 Mergentheim — Kirchheim
3904 4334 4496 4385 Walldürn — Schwetzingen.
3791 4441 4762 4543 Die unfere Mannfchaften ſpielen:
3759 4567 4164 4630 S V Waldhof:
4223 4625 4343 4662 Drayß
4098 4661 4466 4705 Maier Siegel
3979 4708 4592 4749 Leupold Heermann Gries
3760 4748 4785 4800 Herbold Bielmaier Schneider Pennig Weidinger
3758 4834 4230 4883 M F C „Phönix“:
4176 4887 4387 4925 Danninger
4143 4929 4426 4966 Kaiſer Neck
3918 4968 4645 5009 Oexle Greiner (Rasmus) Löſch
3758 5008 4790 5058 Seel Schüßler Burggraf Rasmus (Wühler) Heinz
3755 5100 4170 5149 Feudenheim:
4205 5153 4357 5190 Krämer
4071 5194 4493 5232 Fuchs II Fuchs I
3951 5235 4601 5274 Ignor Ueberrhein III. Ripp
3757 5270 4792 5320 Eckert Klemmer Pflock Edelmann Back
3749 5365 4166 5414 09 Weinheim:
4236 5418 4320 5456 Kriz
4076 5458 4479 5497 Kuhn Grünewald
3957 5499 4595 5541 Müller Gärtner I. Martiné
3811 5540 4760 5585 Vollmer Moſer Gumb Knapp Kohl
3819 5637 4745 5733 HB-Vereinskalender
3790 5753 4784 5801 Verein für Leibesübungen Neckarau. Sonntag. Liga
3738 5802 4780 5841 — SV Wiesbaden, 14.30 Uhr (dort); Erſatzliga —
3749 5842 4783 5883 Waldhof, 12.45 Uhr (dort); Jungliga — Käfertal, 10
3743 5884 4776 5925 Uhr (dort); 3. Mannſchaft — VfR Mannheim (Herzo⸗
3742 5924 4776 5967 genried); Alte Herren — VfR Mannheim, 9.15 Uhr
3748 5966 4775 6006 (Altriper Fähre); Hch.⸗Bertſch⸗Mannſchaft — Phönix
3744 6009 4780 6051 Mannheim, 10.45 Uhr (Altriper Fähre); 1. Privat⸗
3745 6049 4783 6094 mannſchaft — TV Waldhof, 10.30 Uhr (Waldweg). —
3747 6089 4779 6131 Handball. Sonntag. 1. Mannſchaft — Polizei Mann⸗
3747 6133 4774 6172 heim, 11 Uhr (dort); Frauenmannſchaft — MTG
3743 6177 4303 6214 Mannheim, 10 15 Uhr (dort).
3779 6214 4778 6258 Mannheimer Turnerbund Germania. Handball. Ver⸗
3737 6258 4778 6299 bandsſpiel. Die erſte Mannſchaft ſpielt um 15 Uhr in
3745 6300 4778 6341 Ziegelhauſen gegen TV Ziegelhauſen. — Hockey. Der
3740 6341 4769 6383 Klubkampf gegen Reichsbahn Ludwigshafen fällt aus
3740 6383 4770 6426 Es ſind daher am Sonntagvormittag Uebungsſpiele
3735 6425 4368 6467 auf dem Germaniaplatz angeſetzt.
413 6573 3055 6739 Das Radium-Sol-Bad Heidelberg
3112 6572 4769 6670 bietet preisgünstige Badekuren
3112 6764 4774 6826 vom 18. Oktober bis 4. Dezember - 40 % Ermäßigung - 6 Bäder RM 9. -
403 6851 4775 6925 Gültigkeit der verbilligten Bäderabonnements bis 23. Dezember 1937 — Badezeit 9 bis 18.30 Uhr — Kassenschluß 17.15 Uhr
