5181 7295
610 332 1305 391 „Hakenkreuzbanner“
1895 228 3725 379 Wirtſchaſts- und Sozialpolitik
4283 268 4991 339 Sonntag, 21. November 1937
907 489 3575 658 Die Kohle kommt zum Erz
595 678 3876 762 Reichswerke „Hermann Göring“ — wirtschaftlich gerechtfertigt / „Saures Schmelzen“ lohnt sich / Neues Industriewerk im Aufbau
728 755 3787 835 Der Mittellandkanal wird ausgelastet / West-Ost: Kohlenfrachten, Ost-West: Erztransporte / Siedlungskranz um Salzgitter
1571 848 2908 913 (Eigener Bericht des „Hakenkreuzbanner“)
760 985 1659 1024 Der Beſuch des Miniſterpräſidenten General⸗
719 1029 1662 1066 oberſt Göring in den Betriebsanlagen der Reichs⸗
717 1069 1661 1107 werke „Hermann Göring“ und ihrer Tochter⸗
720 1111 1661 1151 geſellſchaft, der Salzgitter⸗Bergbau AG, hatte be⸗
719 1153 1658 1191 kanntlich die Wahl des Ortes Bleckenſtädt zum
716 1194 1657 1232 endgültigen Standort des neu zu errichtenden
720 1235 1657 1273 Hüttenwerks zur Folge. Im Zuſammenhang da⸗
716 1276 1658 1315 mit gewinnen Rentabilitäts⸗ und verkehrspoli⸗
711 1319 1380 1357 tiſche Fragen beſondere Bedeutung.
1049 1379 1609 1429 Hannover, 19. November.
651 1438 1657 1484 Seit Mitte Juli d. J. die Reichswerke AG.
605 1485 1662 1534 für Erzbergbau und Eiſenhütten „Hermann
608 1531 1663 1577 Göring“ gegründet wurden, ſind die Vorarbei⸗
604 1576 1661 1625 ten für die geplanten Betriebsanlagen ſchon ſo⸗
607 1622 1661 1670 weit vorangeſchritten, daß ſich ein erſter Ueber⸗
605 1668 1659 1715 blick über techniſche Möglichkeiten und voraus⸗
613 1713 1661 1762 ſichtliche Koſten ergibt. Der neue deutſche Erz⸗
609 1761 1659 1807 bergbau und die im Salzgitter⸗Gebiet zu er⸗
609 1805 1664 1854 richtenden Werke ſollen ja nicht einfach Eiſen
607 1852 1660 1901 um jeden Preis, ſondern möglichſt wirtſchaft⸗
607 1897 1664 1947 lich herſtellen. Zweifel an der Wirtſchaftlichkeit
609 1943 1658 1990 der Verhüttung eiſenarmer Erze waren noch
614 1989 1661 2039 vor kurzem aufgetaucht. Man gaubte, daß bei
612 2036 1662 2084 Verhüttung beiſpielsweiſe eines 30 prozentigen
609 2082 1666 2130 an Stelle eines 60 prozentigen Eiſenerzes dop⸗
615 2126 1665 2177 pelt ſo viel Arbeiter, ein doppelt ſo großer Auf⸗
612 2173 1664 2222 wand von Verkehrseinrichtungen uſw. für die
613 2220 1661 2270 Erreichung gleicher Reſultate notwendig wäre,
612 2265 1666 2315 — kurz: daß 30 prozentiges Erz ein doppelt ſo
612 2312 1625 2360 teures Eiſen liefern müſſe wie 60 prozentiges.
663 2356 1657 2410 Inzwiſchen haben ſich aber die techniſchen
613 2403 1663 2452 Vorausſetzungen geändert. Das ſogenannte
617 2448 1664 2500 „ſaure Schmelzen“, die Verhüttung von niedrig⸗
616 2495 1668 2546 prozentigen Erzen iſt in weitem Umfange aus⸗
610 2540 1668 2596 geſtaltet worden und beeinflußt naturgemäß die
607 2587 1666 2640 früher ſo ſkeptiſch beurteilte Rentabilität. Eine
614 2634 1665 2686 große Bedeutung kommt in dieſem Zuſammen⸗
616 2678 1667 2729 hange dem Problem des Standorts zu. Man
618 2725 1661 2780 hatte früher mit Selbſtverſtändlichkeit allen Be⸗
616 2772 1663 2822 rechnungen die Annahme zugrunde gelegt, daß
611 2818 1664 2867 das Erz den Weg zur Kohle nehmen müſſe, daß
615 2863 1667 2912 alſo das Zechenrevier im Weſten Zentrum der
613 2908 1667 2960 Stahlerzeugung zu bleiben habe. In Wirklich⸗
616 2953 1667 3004 keit hängt es aber von der Art der zu verhüt⸗
617 2999 1667 3050 tenden Erze ab, ob das Erz zu Kohle oder die
619 3045 1669 3095 Kohle zum Erz zu führen iſt. Unbedingt wirt⸗
624 3092 1664 3141 ſchaftlicher iſt das letztere bei der Verhüttung
616 3138 1666 3186 niedrigprozentiger Erze. Aus dieſem Grunde
617 3184 1668 3235 hat die Reichsführung heute im Falle des Salz⸗
618 3228 1672 3281 gitter⸗Reviers entſchieden, Eiſen unmittelbar
616 3276 1671 3325 auf dem Erz zu erzeugen, alſo die Kohle zum
621 3327 966 3373 Erz zu führen.
608 3422 1230 3485 Gleiche Geſtehungskoſten
665 3497 1673 3550 Die Standortfrage hat hier die Kalkulation
616 3543 1662 3599 auf völlig neue Grundlagen geſtellt. Man hofft,
619 3589 1667 3641 daß die Geſtehungskoſten für das Eiſen im
620 3637 1670 3690 Salzgitter⸗Erzgebiet ſogar hinter dem Satz zu⸗
620 3681 1668 3732 rückbleiben, wie er an der Ruhr feſtgeſetzt iſt.
618 3727 1669 3782 Auch bei Zugrundelegung ſtrenger Rentabili⸗
619 3774 1668 3825 tätsgeſichtspunkte wird es möglich ſein, trotz der
627 3818 1667 3870 höheren Kokskoſten den Geſtehungspreis auf
623 3867 1603 3920 dem weſtdeutſchen Stand halten zu können.
669 3910 1670 3963 Eine nicht unerhebliche Rolle ſpielen hier bei
623 3958 1666 4010 der Selbſtkoſtenberechnung der im Erzgebiet zu
623 4006 1671 4056 errichtenden Hütten die Frachten. Der neue
620 4049 1669 4104 Standort zwiſchen Goslar, Braunſchweig und
621 4095 1671 4149 Hildesheim iſt für Lieferungen nach Mittel⸗
622 4143 1669 4193 und Oſtdeutſchland gegenüber dem Weſten ver⸗
621 4188 1672 4240 kehrspolitiſch im Vorteil. Aber zugleich kommt
621 4234 1672 4286 noch ein anderes hinzu: den Werken im Ruhr⸗
628 4280 1669 4333 gebiet ſollen laufend auf dem Waſſerwege Erz⸗
623 4326 1675 4380 mengen zur Verfügung geſtellt werden. Da bis⸗
628 4372 1667 4423 her der Mittelland⸗Kanal vorwiegend zum Koh⸗
626 4419 1672 4471 lentransport in Weſt—Oſt⸗Richtung dient, ſo
621 4465 1670 4520 kann in Zukunft durch die künftigen Erzver⸗
625 4509 1673 4566 ſchiffungen der Frachtraum auf dem Mittel⸗
623 4556 1673 4608 land⸗Kanal auch für die Oſt—Weſt⸗Richtung
621 4603 1665 4655 ausgenutzt werden. Mit der beſſeren Auslaſtung
620 4648 1674 4700 der Waſſerſtraße durch die Erz⸗Rückfracht nach
619 4694 1672 4749 dem Weſten ergibt ſich aber für die Reichswerke
621 4739 1669 4794 die Möglichkeit, Erz und Kohle zu weſentlich
627 4788 1669 4842 geringeren Sätzen zu transportieren, als ſie
622 4832 1671 4887 heute gezahlt werden müſſen. Unter ſolchen
624 4877 1672 4934 Vorausſetzungen kann es ſehr leicht möglich
654 5004 1013 5203 Hommel-
654 5213 859 5259 kurzfristig
1259 5000 1641 5197 -Maschinen
1462 5203 1638 5249 lieferbar
657 5279 1640 5351 H. HOMMEL G. m. b. H., Mannheim
655 5348 1641 5409 D 3, 12/13 Ruf 204 44/45
633 5451 1676 5507 ſein, daß die Tonne Kohle oder Koks für die
631 5498 1668 5554 Salzgitter Werte nicht viel teurer kommen wird,
627 5547 1465 5601 als etwa für eine Hütte an der Ruhr.
668 5590 1674 5644 Auch hinſichtlich des Abſatzes von Neben⸗
628 5636 1674 5692 erzeugniſſen ergibt ſich für Mitteldeutſchland
625 5683 1673 5742 ein gewiſſer Frachtvorſprung. Hier iſt übrigens
629 5729 1675 5785 noch der erhöhte Anfall von Thomas⸗Phosphat⸗
623 5776 1676 5831 mehl bei Verwendung der Salzgitter Erze zu
631 5822 1677 5876 berückſichtigen. Der zur Verhüttung erforder⸗
626 5865 1676 5926 liche Koks wird in unmittelbarer Nähe des Wer⸗
626 5911 1675 5967 kes produziert werden. Für das dabei erzeugte
632 5959 1674 6015 Gas bietet der mitteldeutſche Wirtſchaftsraum
628 6007 1507 6065 genügend aufnahmefähige Abſatzmärkte.
621 6093 1337 6159 Rieſige Erzlager in der Tiefe
677 6168 1674 6226 Schon im Jahre 1938 ſollen im Salzgitter⸗
634 6216 1676 6272 Gebiet mehrere Millionen Tonnen Roherz ge⸗
633 6262 1675 6323 fördert werden, die — bis zur Fertigſtellung
629 6305 1676 6366 der Hüttenwerke im Erzrevier ſelbſt — zunächſt
630 6353 1676 6412 den Ruhr⸗Verhüttungsanlagen zufallen. Der
631 6399 1678 6458 Bau des eigenen Hüttenwerkes iſt am 1. Okto⸗
632 6446 1677 6503 ber begonnen worden, man rechnet mit dem
636 6490 1677 6550 Abſtich des erſten Roheiſens in etwa zwei Jah⸗
632 6537 1679 6598 ren. Zunächſt wird man den Abbau des Erzes
633 6585 1679 6644 im Tagebau vornehmen, ſpäter will man daran
638 6629 1680 6692 gehen, die Schächte für den Abbau der tiefer⸗
629 6674 1678 6736 liegenden Erze niederzubringen. Möglichſt
635 6719 1680 6783 ſchnelle praktiſche Reſultate ſollen ſo erreicht
634 6769 1680 6829 werden. Die tiefſten Schächte — Erzlager bis zu
630 6813 1680 6880 1000 Meter Teufe ſind feſtgeſtellt worden —
1723 977 2770 1031 dürften in etwa vier bis ſechs Jahren förderbe⸗
1727 1022 2770 1073 reit ſein. Der Erzvorrat im Salzgitter⸗Gebiet
1723 1069 2770 1123 ſcheint außerordentlich groß zu ſein. Zahlen wer⸗
1724 1113 2775 1167 den genannt, die weit über eine Milliarde Ton⸗
1727 1158 2769 1211 nen hinausgehen. Man hofft ſo, ſpäter ein
1726 1206 2772 1259 Mehrfaches der gegenwärtigen deutſchen Ge⸗
1727 1250 2768 1304 ſamtförderung an Eiſenerzen zu erzielen.
1727 1298 2771 1349 Augenblicklich bleibt die deutſche Eiſenerz⸗
1726 1344 2771 1396 erzeugung noch weit hinter der Nachfrage zu⸗
1725 1388 2771 1443 rück. Ziel bei der Gründung der Reichswerke
1730 1435 2770 1486 war daher, möglichſt ſchnell eine Entſpannung
1730 1479 2770 1535 auf dem deutſchen Eiſenmarkt herbeizuführen.
1731 1523 2769 1575 Gemeinwirtſchaftliche Ueberlegungen ſind hier
1726 1574 2518 1623 alſo in erſter Linie ausſchlaggebend.
1725 1679 2520 1743 Soziale Organiſation vorbildlich
1778 1755 2771 1808 So wächſt im Wirtſchaftsraum Niederſachſen
1731 1802 2771 1856 heute ein neues Induſtriegebiet heran. Kolon⸗
1727 1847 2773 1902 nen mit Schaufel und Hacke bewaffnet, die
1727 1894 2769 1947 mächtigen Bagger ſind unermüdlich an der Ar⸗
1730 1940 2767 1992 beit, um den Zugang zum Erz freizulegen.
1732 1984 2766 2041 Schon ſind die Bohrtürme wieder abgebrochen,
1724 2031 2771 2087 die geeignete Anſatzpunkte für den Bergbau
1731 2078 2773 2132 ausfindig gemacht hatten. Tauſende von Men⸗
1730 2120 2773 2176 ſchen haben hier ſchon Arbeit erhalten. Aus
1732 2167 2773 2223 allen deutſchen Gauen wurden ſie vermittelt,
1730 2214 2772 2268 aus Schleſien, Sachſen, Bayern und aus dem
1734 2263 2773 2318 Rheinland, von der Ruhr und von der Saar.
2837 957 3882 1018 Ein Kranz von ſchmucken Siedlungen hat ſich
2839 1004 3880 1067 für ſie um Salzgitter gelegt. Und überall in der
2839 1050 3886 1108 Nähe der neuen oder der erweiterten Gruben⸗
2839 1095 3884 1154 betriebe wachſen Siedlungshäuſer aus dem Bo⸗
2838 1140 3881 1202 den. DAF und NSV ſorgen nach beſten Kräf⸗
2842 1186 3884 1247 ten auch für die ſoziale Wohlfahrt. Anfang Ok⸗
2840 1231 3887 1291 tober konnten mehr als 600 Heimſtätten gerich⸗
2842 1277 3884 1339 tet werden. Aber Zehntauſende von Menſchen
2840 1323 3882 1382 müſſen hier zum Aufbau eingeſetzt werden. Und
2842 1367 3881 1428 ſchon jetzt macht ſich das Fehlen von Arbeits⸗
2838 1413 3883 1477 kräften bemerkbar — im Gegenſatz zum frühe⸗
2842 1459 3882 1519 ren Fehlen von Arbeit. Bei der Anlegung auf⸗
2841 1506 3885 1566 gelockerter Induſtrieſiedlungen wird modernſten
2842 1552 3884 1611 Grundſätzen Rechnung getragen. Auf breitem
2841 1597 3884 1656 Raume ſollen ſich die Familien frei entfalten
2844 1641 3883 1704 können. Von der Enge rußiger Induſtriezentren
2841 1697 3432 1749 wird nichts zu ſehen ſein.
2885 1735 3880 1793 Auch die Frage der Verkehrsgeſtaltung iſt —
2840 1780 3887 1839 wie die Ueberführung der braunſchweigiſchen
2843 1827 3887 1886 Landeseiſenbahn in den Reichsbeſitz beweiſt —
2841 1873 3884 1932 bereits tatkräftig in Angriff genommen worden.
2846 1917 3887 1977 Vom Mittelland⸗Kanal her iſt außerdem ein
2842 1963 3886 2026 Stichkanal in der Planung vorgeſehen und auch
2840 2012 3884 2069 die Linienführung der Straßen im Zuge der
2843 2055 3885 2116 Reichsautobahn, die am Nordrande des Gebie⸗
2845 2101 3886 2162 tes vorbeiführt, wird ausgeſtaltet werden. Noch
2846 2146 3889 2208 zeichnet ſich das neue Induſtriegebiet erſt in
2851 2195 3879 2252 ſeinen Umriſſen ab, aber ſchon iſt die ganze
2850 2237 3836 2299 Kühnheit und Größe des Projekts erkennbar.
2204 2435 3408 2541 Zehn Jahre Bildtelegrafie
2181 4145 3486 4203 Tragbarer Bildsender beim Sonderpostamt in der Jagdausstellung
1770 4191 3862 4258 Die Bildtelegrafie stellt eine wertvolle Ergänzung der Nachrichtenmittel der Deutschen Reichspost dar und bietet
1774 4232 3861 4299 gegenüber der Telegraſie im engeren Sinne den Vorteil, daß außer schriftlichen Mitteilungen auch bildliche Darstel-
1772 4272 3862 4344 lungen (Lichtbilder und Zeichnungen) nach entfernten Orten übermittelt werden können. Am 1. Dezember 1937
1773 4318 3861 4386 sind seit der Einführung des Bildtelegrafendienstes in Deutschland 10 Jahre verflossen. — Beim Sonderpostamt
1772 4361 3863 4427 in Halle 5 der Internationalen Jagdausstellung Berlin 1937 ist ein tragbarer Bildsender im Betrieb, der rascheste
1771 4401 3853 4469 Uebermittlung von Bildern direkt von der Jagdausstellung aus ermöglicht Presse-Bild-Zentrale
1741 4583 3895 4755 Der Schweinebestand im September
1737 4771 3894 4866 Kleinhandelshöchstpreise unberührt / Schweinemastverträge für eine halbe Million Tiere
1770 4905 2788 4956 DNB Berlin, 19. Nov. Nach Mitteilung des Stati⸗
1729 4950 2783 5001 ſtiſchen Reichsamtes hatte die Schweinezählung vom
1729 4995 2489 5046 3. September 1937 folgendes Ergebnis:
2120 5041 2786 5091 3. Sept. 4. Sept. 1937 gegenüber 1936
2163 5097 2396 5141 1937 1936
1730 5145 2773 5199 Altersklaſſen: Mill. St. Mill. St. Stück Proz.
1729 5196 2788 5255 Geſamtbeſtand 25,51 26,01 — 500 000 — 1,9
1773 5256 1971 5295 Darunter:
1733 5304 2050 5348 Schlachtſchweine:
1773 5331 2786 5389 über ½ Jahr alt 6,67 5,98 + 690 000 + 11,5
1737 5401 2012 5440 Jungſchweine:
1766 5440 2133 5481 8 Wochen bis noch
1772 5465 2787 5523 nicht ½ Jahr alt 11,11 11,10 + 10 000 + 0,1
1738 5536 1873 5581 Ferkel:
1772 5564 2787 5619 unter 8 Wochen 5,83 6,65 — 820 000 — 12,3
1732 5616 2787 5673 Trächtige Sauen 0,91 1,17 — 260 000 — 22,2
1732 5671 2790 5730 Davon Jungſauen 0,18 0,31 — 130 000 — 41,9
1775 5722 2790 5779 Nach dieſer Zählung beträgt der Geſamtſchweinebe⸗
1736 5767 2789 5823 ſtand 25,51 Millionen Stück. Er liegt um 500 000 Stück
1736 5809 2785 5860 = 1,9 Prozent unter dem Stand vom September 1936.
1734 5850 2788 5902 Die Beſtände an Schlachtſchweinen und Läufern reichen
1736 5890 2788 5943 noch aus, um den Fleiſchbedarf in den nächſten Mo⸗
1736 5934 2789 5985 naten zu decken; die Nachzucht dagegen iſt weiter abge⸗
1741 5975 2789 6026 ſunken. Es müſſen daher im Laufe des nächſten Jahres
1736 6015 2789 6067 Verknappungserſcheinungen bei der Verſorgung mit
1734 6056 2795 6108 Schweinefleiſch befürchtet werden. Zu einer Einſchrän⸗
1734 6099 2794 6150 kung der Nachzucht, wie ſie das Zählungsergebnis auf⸗
1735 6141 2789 6191 weiſt, liegt nunmehr bei der gegenwärtigen Lage der
1735 6180 2791 6234 Futterverſorgung kein Anlaß vor. Der Beſtand an
1734 6222 2794 6274 trächtigen Sauen muß vielmehr unverzüglich erhöht
1735 6281 1888 6315 werden.
1782 6300 2789 6358 Mit der Anordnung Nr. 94 vom 18. November 1937
1741 6347 2786 6399 gibt die Hauptvereinigung der deutſchen Viehwirtſchaft
1736 6390 2789 6439 mit Zuſtimmung des Reichsminiſters für Ernährung
1739 6429 2790 6480 und Landwirtſchaft und des Reichskommiſſars für die
1739 6471 2789 6523 Preisbildung eine Aenderung der Preiſe für Schlacht⸗
1740 6513 2791 6564 ſchweine bekannt, die am 3. Januar 1938 in Kraft tritt.
1742 6554 2786 6606 Danach werden die Preiſe für Fettſchweine wieder auf
1739 6600 2528 6648 den Stand vom Dezember 1936 gebracht.
1780 6635 2791 6688 Während die Futterlage 1936 eine Senkung der
1743 6680 2790 6731 Preiſe für Fettſchweine und eine gewiſſe Einſchränkung
1740 6718 2787 6773 der Schweinehaltung notwendig machte, iſt nunmehr
1741 6761 2792 6813 eine Aenderung der bereits ſeit längerer Zeit rück⸗
1738 6803 2791 6854 läufigen Entwicklungstendenz im Schweinebeſtand ge⸗
2847 4886 3900 4941 boten. Zugleich ſoll der Beſtand an Fettſchweinen der
2845 4929 3896 4982 veränderten, günſtigeren Futterlage angepaßt werden.
2848 4971 3901 5024 Bereits Ende November 1936 iſt durch die Preſſe dar⸗
2848 5011 3899 5064 auf hingewieſen worden, daß bei einer veränderten
2849 5050 3900 5107 Situation die Maſt ſchwerer Schweine wieder gefördert
2847 5093 3898 5147 und der Erzeugerpreis heraufgeſetzt werden würde. Es
2850 5133 3904 5190 ſei nur auf die erheblichen Maiszuteilungen, den reich⸗
2850 5176 3898 5231 lichen Anfall an Zuckerſchnitzeln und die beſonders
2849 5218 3903 5273 große Kartoffelernte hingewieſen, wobei es ſelbſtver⸗
2849 5262 3900 5313 ſtändlich beim Verfütterungsverbot für Roggen ver⸗
2850 5301 3901 5353 bleibt. Es ſind deshalb die Preiſe für Schweine im
2849 5343 3897 5396 Gewicht über 150 Kilo um drei Reichsmark je 50 Kilo,
2851 5385 3896 5438 für Schweine im Gewicht von 135 bis 150 Kilo um
2854 5423 3901 5479 zwei Reichsmark und für Schweine im Gewicht von 120
2851 5467 3901 5519 bis 135 Kilo um eine Reichsmark je 50 Kilo Lebend⸗
2856 5520 3292 5562 gewicht erhöht worden.
2896 5561 3901 5614 Zu den neuen Preiſen treten ähnlich wie im laufen⸗
2852 5603 3907 5654 den Jahre in den verſchiedenen Jahreszeiten Zu⸗ und
2851 5641 3904 5697 Abſchläge, die den unterſchiedlichen Erzeugungsbedin⸗
2851 5691 3757 5743 gungen während des Jahres Rechnung tragen.
2893 5741 3904 5791 Durch die Neuregelung der Schweinepreiſe werden
2849 5781 3902 5833 die geltenden Kleinhandelshöchſtpreiſe für Schweine⸗
2849 5824 3900 5876 fleiſch nicht berührt. Dieſe konnten unverändert bleiben,
2849 5867 3900 5915 weil die neuen Erzeugerpreiſe den Preisſtand vor der
2853 5908 3906 5957 Einführung der geltenden Kleinhandelshöchſtpreiſe ent⸗
2854 5948 3906 5999 ſprechen. Die unverändert bleibenden Preiſe für leich⸗
2851 5990 3904 6040 tere Schweine liegen ſogar unter den damaligen Er⸗
2853 6028 3904 6083 zeugerpreiſen. Die jahreszeitlichen Zu⸗ und Abſchläge
2852 6073 3903 6123 laſſen ſodann den Jahresdurchſchnittspreis im weſent⸗
2857 6114 3907 6164 lichen unverändert. Zudem hat ſich die Lage der Flei⸗
2858 6156 3905 6206 ſcher beſonders durch die günſtigen Abſatzverhältniſſe
2856 6203 3530 6248 für Schlachtnebenprodukte gebeſſert.
2889 6251 3904 6298 Außer der Erhöhung der Preiſe für Fettſchweine
2850 6294 3902 6339 werden zur Lenkung der Schweineerzeugung und zur
2853 6333 3905 6381 Erleichterung der Verſorgung mit Schweinefleiſch in
2856 6375 3905 6423 verſtärktem Umfange Schweinelieferungsverträge für
2851 6417 3901 6466 das Jahr 1938 abgeſchloſſen. Die Reichsſtelle für Tiere
2853 6456 3900 6507 und tieriſche Erzeugniſſe hat bereits mit dem Abſchluß
2850 6498 3899 6548 entſprechender Verträge durch Viehhändler und Vieh⸗
2853 6538 3903 6589 verſorgungsgenoſſenſchaften mit Bauern und Landwir⸗
2852 6582 3903 6630 ten über Lieferung von etwa einer Million Schweine
2851 6624 3903 6673 begonnen. Die Ablieferung der Schweine ſoll in den
2851 6665 3902 6715 Monaten Auguſt bis November 1938 erfolgen. Den
2852 6707 3903 6755 Mäſtern werden je abzulieferndes Schwein zu Beginn
2852 6748 3900 6798 des Jahres 1938 100 Kilogramm Zuckerſchnitzel und
2845 6786 3901 6840 vom Februar bis Ende März 1938 250 Kilo Mais ge⸗
4641 2006 5002 2049 Presse-Bild-Zentrale
3987 2059 4978 2108 Rohrpoststation auf dem Haupttelegrafenamt in Berlin
3948 2178 5004 2232 liefert. Der Preis für den frachtfrei Empfangsſtation
3953 2219 5005 2273 gelieferten Mais iſt je 50 Kilo um eine Reichsmark
3949 2265 5006 2314 niedriger als der Roggenerzeugerpreis. Alles Nähere
3948 2308 5003 2355 ergibt ſich aus den den Mäſtern bereits zugehenden
3950 2357 4351 2399 Lieferungsverträgen.
4058 2499 4910 2568 Am 3. Dezember Viehzählung
3987 2590 5005 2639 Am 3. Dezember 1937 findet in allen Gemeinden mit
3949 2634 5005 2681 Ausnahme der Großſtädte mit über 100 000 Einwohner
3950 2676 5006 2723 eine Zählung der Pferde und ſonſtigen Einhufer, der
3949 2717 5006 2763 Rinder, Schweine, Schafe, Ziegen, des Federviehs und
3947 2758 5006 2804 der Bienenvölker ſtatt. Damit verbunden iſt eine Er⸗
3950 2800 5007 2847 mittlung der in jedem der Monate September, Oktober
3947 2840 5001 2887 und November 1937 angefallenen Kälber und der nicht⸗
3951 2888 4557 2930 beſchaupflichtigen Schlachtungen.
4118 2997 4843 3066 Vorbildliche Sozialpolitik
4322 3070 4637 3132 im Betrieb
3998 3160 5011 3202 In letzter Zeit ſind verſchiedene Unternehmen dazu
3953 3202 5010 3246 übergegangen, für ihre Gefolgſchafts⸗Mitglieder eine
3956 3245 5012 3286 zuſätzliche Altersverſorgung zu ſchaffen, um damit die
3953 3287 5011 3329 Sorge für den Lebensabend den Gefolgſchaftsmitglie⸗
3952 3330 5012 3371 dern weſentlich zu erleichtern oder ganz abzunehmen.
3999 3384 5011 3426 Immer mehr ſetzt ſich erfreulicherweiſe der eigent⸗
3950 3426 5010 3469 liche Sinn der betrieblichen Sozialpolitik durch, eine
3956 3469 5009 3512 Erſcheinung, die im „Geſetz zur Ordnung der natio⸗
3953 3512 5011 3554 nalen Arbeit“, wonach der Betriebsführung die Sorge
3955 3553 5014 3596 für das Wohl der Gefolgſchaft zu einer vordringlichen
3961 3596 5007 3638 Pflicht gemacht iſt, verankert ſteht. Von der Betriebs⸗
3961 3638 5006 3681 gemeinſchaft, die eine derartige ſoziale Einrichtung
3955 3680 5008 3723 bereits geſchaffen hat, kann wohl mit Recht geſagt
3952 3723 5010 3768 werden, daß ſie die Mahnung „Ehret die Arbeit und
3954 3765 5010 3808 achtet den Arbeiter“ beherzigt hat, und daß ihr das
3952 3807 5008 3848 Wohl ihrer Gefolgſchaft und deren Angehörigen auch
3958 3853 4451 3895 wirklich am Herzen liegt.
3995 3905 5010 3947 Von dieſer ſelbſtverſtändlichen Pflichterfüllung der
3962 3947 5012 3990 Gefolgſchaft gegenüber hat ſich auch die Betriebs⸗
3961 3989 5011 4033 gemeinſchaft der „Rhenania“ Schiffahrts⸗ und Spedi⸗
3956 4032 5010 4075 tions⸗Geſellſchaft m. b. H. in Mannheim, Zentrale des
3964 4074 5006 4118 „Rhenania“⸗Rheinſchiffahrts⸗Konzerns, leiten laſſen.
3957 4117 5012 4162 Dieſe Firma hat mit Wirkung vom 1. Dezember 1937
3957 4159 5008 4203 ab, zunächſt für ihre Gefolgſchaftsmitglieder an Land,
3956 4202 5014 4246 eine Gefolgſchaftsverſicherung in Form einer Lebens⸗
4034 4391 4929 4527 ODOL-Zahnpasta
4228 4550 4741 4607 In bewährter Qualität
4033 4628 4925 4743 erheblich billiger:
4034 4778 4924 4874 1/1 Tube statt 80 Pf. jetzt 70 Pf.
4034 4886 4918 4985 1/2 Tube statt 50 Pf. jetzt 40 Pf.
3959 5094 5017 5140 verſicherung mit den Summen von 4000 bis 6500
3962 5141 4711 5183 Reichsmark pro Mitglied abgeſchloſſen.
4005 5180 5020 5225 In die Verſicherung ſind aufgenommen: Alle ver⸗
3964 5222 5020 5267 heirateten Betriebszugehörige, die 10 Jahre in ihrem
3962 5264 5018 5309 Betrieb tätig ſind, ſowie alle nicht verheirateten Ge⸗
3965 5307 5017 5353 folgſchaftsmitglieder, die das Alter von 35 Jahren
3960 5349 5016 5394 erreicht haben und ebenfalls auf eine zehnjährige Be⸗
3959 5391 5018 5437 triebszugehörigkeit zurückblicken können. Die Verſiche⸗
3963 5434 5016 5482 rung erſtreckt ſich ferner auch auf ſämtliche weiblichen
3961 5477 5018 5522 und auf die übrigen Gefolgſchaftsmitglieder, bei denen
3961 5519 5020 5565 dieſe Vorausſetzungen bereits gegeben ſind oder im
3960 5562 5018 5607 Laufe der Zeit erfüllt werden. Auch die übrigen, dem
3961 5605 5020 5651 Rhenania⸗Konzern angeſchloſſenen Geſellſchaften wer⸗
3964 5645 5020 5693 den dieſe Gefolgſchaftsverſicherung ebenfalls zum Ab⸗
3968 5699 4255 5736 ſchluß bringen.
4005 5731 5016 5776 Dieſe vorbildliche, ſoziale Tat kann allen übrigen
3963 5775 4893 5820 Betriebsgemeinſchaften nur empfohlen werden.
4002 5906 5022 5956 Rheiniſche Eiſengießerei und Maſchinenfabrik AG
3966 5950 5020 5998 i. L., Mannheim. Der auf den 14. Dezember einbe⸗
3959 5991 5022 6040 rufenen Hauptverſammlung der Rheiniſche Eiſengieße⸗
3960 6034 5018 6080 rei und Maſchinenfabrik AG i. L., Mannheim, wird
3960 6077 5014 6121 der Abſchluß für 1936 vorgelegt und die Umwandlung
3962 6115 5021 6163 beziehungsweiſe Auflöſung der Geſellſchaft durch die
3962 6158 5019 6204 Uebertragung des Vermögens auf den Hauptgeſell⸗
3967 6198 5022 6246 ſchafter vorgeſchlagen werden. Der Umwandlung wird
3961 6242 5015 6287 eine Bilanz auf den 31. Oktober 1937 zugrunde liegen,
3963 6283 5019 6329 die unter Berückſichtigung eines im Jahre 1937 er⸗
3967 6324 5014 6370 zielten Gewinns von 41 765 ℛℳ. mit einem Verluſt
3963 6366 5016 6411 von 1 881 600 ℛℳ. bei 2 Mill. ℛℳ. Stammaktien und
3964 6409 5019 6452 12 000 ℛℳ. Vorzugsaktienkapital abſchließt. Waren⸗
3960 6450 5018 6495 verbindlichkeiten betragen nur 4712 ℛℳ., daneben
3965 6491 5017 6538 Rechnungsabgrenzungspoſten 36 635 ℛℳ. Andererſeits
3962 6532 5016 6578 ſind hypothekariſch geſicherte Forderungen mit 119 300
3961 6573 5017 6618 Reichsmark, Forderungen an Konzerngeſellſchaft mit
3959 6613 5017 6661 50 679 ℛℳ. ſowie Kaſſe und Bankguthaben mit 1768
3964 6656 5019 6702 Reichsmark verzeichnet. Den ausſcheidenden Aktionären
3961 6699 5018 6741 wird eine Abfindung angeboten, die für die Vorzugs⸗
3961 6738 5017 6784 aktien gemäß § 18 der Statuten 120 Prozent und für
3961 6780 5015 6826 die Stammaktien 5,8 Prozent des Nennwerts beträgt.
