5161 7294
302 431 1014 500 „Hakenkreuzbanner“
3980 440 4678 504 Sonntag, 21. November 1937
357 593 1278 707 Pg. Wagner war Katholik
341 713 1348 774 Wir haben vor einigen Tagen über den bru⸗
295 780 1352 840 talen Gewiſſensterror katholiſcher Geiſtlicher
295 847 1354 903 anläßlich der Beiſetzung des verunglückten
296 910 1351 966 Flugzeug⸗Bordmonteurs Pg. Vincenz Wagner
295 979 1353 1031 aus Kirrlach berichtet. Die Tatſache, daß ein
294 1040 1348 1095 katholiſcher Dekan und ein Kaplan dem auf ſo
293 1107 1345 1161 tragiſche Weiſe ums Leben gekommenen Pg.
293 1168 1345 1227 Wagner eine kirchliche Beſtattung verweigerten,
293 1239 1351 1290 nur aus dem einen Grunde, weil der 23 jährige
295 1300 1347 1354 Parteigenoſſe mit einer evangeliſchen Frau ver⸗
297 1365 1349 1419 heiratet war und das Kind evangeliſch getauft
296 1432 1350 1482 wurde, hat nicht nur in unſerem Gau, ſondern
292 1494 1348 1549 darüber hinaus im ganzen Reich größtes Be⸗
296 1557 1349 1611 fremden, ja heftige Empörung hervor⸗
294 1624 482 1673 gerufen.
337 1684 1349 1739 Seit einigen Tagen wird nun in Mann⸗
295 1751 1346 1802 heim von gewiſſen Kreiſen, die uns ſehr wohl
295 1813 1344 1867 bekannt ſind und die dem politiſchen Ka⸗
295 1877 1347 1932 tholizismus ſchon immer gerne Zuträger⸗
292 1943 1344 1996 dienſte geleiſtet haben, die freche Behauptung
295 2010 1350 2060 aufgeſtellt, Pg. Wagner habe nicht mehr der
290 2076 1345 2125 römiſch⸗katholiſchen Kirche angehört, ſei alſo
293 2141 1349 2189 auch nicht mehr Katholik geweſen. Wir ſtellen
294 2200 1339 2254 dazu ausdrücklich feſt, daß Parteigenoſſe Wag⸗
292 2265 1350 2323 ner bis zu ſeinem tragiſchen Tode
293 2332 1352 2383 der römiſch⸗katholiſchen Kirche an⸗
295 2397 1343 2447 gehörte und daß katholiſche Geiſtliche durch
291 2461 1345 2511 ihre Begräbnisverweigerung den gerechten Zorn
293 2519 1348 2577 der katholiſchen Bevölkerung hervorgerufen
293 2591 1341 2641 haben. Leute, die jetzt die klaren Tat⸗
292 2655 1342 2705 ſachen umfälſchen wollen, müſſen daher
292 2721 1346 2772 als gemeine Lügner bezeichnet werden.
299 2856 1335 2927 Der KdF~Jahrestag in Mannheim
333 2950 1340 2999 Am nächſten Freitag und Samstag wird die
290 2998 1341 3044 NSG „Kraft durch Freude“ wieder ihren
290 3045 1342 3092 Jahrestag feſtlich begehen. Sie wird mit
286 3090 1341 3140 zwei Großveranſtaltungen im Nibelungenſaal
289 3137 1340 3183 an die Oeffentlichkeit herantreten, mit welchen
287 3184 1338 3231 ſie Zeugnis ablegt von ihrer während des Jah⸗
287 3231 1341 3276 res geleiſteten Arbeit. So wird in der Feier⸗
289 3276 1340 3325 ſtunde am Freitag das geſamte Laienſchaffen
287 3325 1339 3370 von der kulturellen Betriebsarbeit der Werk⸗
292 3371 1340 3417 ſcharen bis zu den neuen richtunggebenden We⸗
288 3418 1338 3465 gen der vier Geſangvereine des KdF⸗Vereins⸗
293 3531 1339 3575 Buchbinderarbeiten für Büro u. Privat!
286 3587 619 3642 Bilderrahmungen
286 3643 644 3698 mit elektr. Betrieb
694 3581 1114 3714 V. HEPP
1128 3590 1305 3644 T 3, 5
1131 3646 1339 3702 Ruf 213 46
284 3773 1333 3823 ringes „Flora“, „Liederhalle“, „Sängerbund“
281 3821 1340 3868 und Sängerhalle „Germania“ Neckarau um⸗
285 3865 419 3911 riſſen.
324 3913 1339 3962 Muſikaliſch wird dieſe Feier vom Philhar⸗
283 3960 1337 4009 moniſchen Orcheſter, Mannheim umrahmt. Den
284 4006 1335 4056 Höhepunkt dieſer Veranſtaltung anläßlich des
285 4054 1339 4102 Feſttages der NSG „Kraft durch Freude“ bil⸗
279 4098 1333 4148 det die Rede des Kreisleiters Pg. Hermanvy
287 4146 594 4190 Schneider.
333 4195 1335 4241 Einen weiteren Ausſchnitt aus der Arbeit
281 4239 1337 4287 der NSG „Kraft durch Freude“ auf dem Ge⸗
277 4286 1337 4337 biet der guten Unterhaltung und damit für je⸗
279 4334 1339 4381 den Volksgenoſſen wichtigen Entſpannung zeigt
279 4379 1341 4427 die Veranſtaltung am nächſten Samstag, 20.15
281 4424 1332 4476 Uhr: „Humor und Tanz“, erſtklaſſige Künſtler
280 4474 1335 4524 auf muſikaliſchem, tänzeriſchem und akroba⸗
280 4520 1335 4571 tiſchem Gebiet werden mit einem zweieinhalb⸗
282 4566 1335 4616 ſtündigen Programm die Beſucher erfreuen. Die
278 4612 1331 4662 Namen wie Adolf Hille als Anſager, Margot
278 4659 1333 4706 Saldern mit ihren reizenden Kinderliedern, die
277 4704 1334 4756 „Luſtigen Fünf“, das Nationaltheater⸗Ballett
277 4754 1329 4801 und vor allen Dingen der zweite Truxa,
280 4799 1332 4849 Bob Weel, bürgen für den Erfolg dieſes
276 4846 1331 4895 Abends. Anſchließend wind nach den Klängen
278 4894 1327 4941 der Tanzkapelle Burkhart, 1. Reichsſieger des
276 4939 1053 4993 Tanzkapellenwettbewerbes, getanzt.
342 5043 1267 5119 WHW-Konzert der Wehrmacht
317 5137 1334 5187 Am Mittwoch, 24. November, veranſtaltet
273 5188 1331 5238 die Wehrmacht im Nibelungenſaal in Mann⸗
274 5239 1328 5289 heim ein großes Militär⸗Konzert zu
275 5292 1328 5342 Gunſten des Winterhilfswerks des deutſchen
275 5343 1327 5394 Volkes, wozu die ganze Bevölkerung Mann⸗
278 5397 747 5447 heims eingeladen iſt.
268 5497 1324 5578 Kammerkonzert am 24. November
315 5601 1326 5647 Am Mittwoch, 24. November (nicht am
268 5650 1332 5698 29. November) ſetzt die Mannheimer Kultur⸗
273 5697 1325 5746 gemeinde in der NSG „Kraft durch Freude“
269 5815 840 5912 Wenn Wäsche
860 5812 968 5861 dann
883 5869 947 5906 zu
982 5812 1323 5916 Speck
407 5917 1316 5972 Mannheim, C 1, 7 — Paradeplatz
262 6046 1328 6097 die Reihe der mit Erfolg begonnenen Kammer⸗
266 6095 1326 6142 muſikabende fort. Konzertmeiſter Walter Köt⸗
264 6141 1322 6189 ſcher, der Solo⸗Celliſt des Saarpfalzorcheſters,
266 6189 1319 6238 der dem Mannheimer Konzertpublikum längſt
265 6236 1320 6283 ein lieber Bekannter geworden iſt, wird Cello⸗
267 6283 1323 6330 ſonaten von Thuille und Richard Strauß ſpie⸗
260 6329 1321 6380 len. Profeſſor Max von Pauer begleitet ihn
263 6376 1322 6426 und ſpielt ſelbſt ſoliſtiſche Werke von Chopin.
1414 609 3574 750 Vom Fabrikarbeiter zum Reichsstatthalter
1655 775 3336 839 Der Werdegang des Gauleiters und Reichsstatthalters Rudolf Jordan
1565 886 2463 928 Der Gauleiter des Gaues Magdeburg⸗Anhalt
1531 930 2458 970 und Reichsſtatthalter in Anhalt, Pg. Rudolf
1531 969 2464 1010 Jordan, ſpricht am kommenden Donnerstag,
1526 1010 2464 1053 den 25. November, in einer Großkundgebung im
1527 1050 2461 1094 Nibelungenſaal in Mannheim. Aus dieſem
1526 1093 2463 1134 Grunde iſt der nachſtehende Lebenslauf des Gau⸗
1528 1135 2465 1174 leiters und Reichsſtatthalters Jordan, der ſeinen
1529 1175 2461 1220 Werdegang in der Partei beleuchtet, von be ·
1527 1216 1895 1264 ſonderem Intereſſe.
1452 1280 2461 1333 Gauleiter und Reichsſtatthalter Rudolf Jor⸗
1410 1333 2461 1385 dan wurde am 21. Juni 1902 als Sohn eines
1412 1384 2467 1440 Kleinbauern in Kurheſſen geboren. In Großen⸗
1408 1438 2461 1491 Lüdern im Kreiſe Fulda beſuchte er die Volks⸗
1410 1493 2461 1544 ſchule, um hierauf zwei Jahre harter Arbeit
1408 1548 2465 1598 als Fabrikarbeiter zu verrichten. Der Ar⸗
1409 1598 2462 1651 beiter Rudolf Jordan beſchäftigte ſich bereits
1412 1651 2465 1705 ſehr zeitig mit ſozialen Problemen. In ihm
1413 1709 2464 1759 entſtand bald das Verlangen, aus ſeiner Um⸗
1888 3298 2451 3346 Archiv „Der Mitteldeutsche“
1404 3382 2454 3431 gebung herauszuwachſen und als Volkser⸗
1403 3435 2456 3486 zieher tätig zu ſein. Von der Fabrik bis zum
1402 3491 2452 3540 Lehrerſeminar iſt ein weiter Weg. Rudolf Jor⸗
1400 3542 2455 3594 dan legte ihn unter Ueberwindung vieler äuße⸗
1399 3593 2446 3649 ren Schwierigkeiten zurück und ſchon im Jahre
1403 3652 2420 3702 1924 beſtand er ſein ſtaatliches Lehrerexamen.
1443 3704 2447 3755 Als Achtzehnjähriger bereits nahm er in den
1401 3755 2448 3807 Märztagen 1920 als Zeitfreiwilliger im Kampf
1398 3812 2452 3862 gegen den Bolſchewismus teil, 1922 ſteht er
1401 3865 2449 3913 aktiv in den Reihen des Bundes „Oberland“.
2518 890 3574 939 In dieſen Jahren trat er als Redner für den
2525 943 3576 994 Nationalſozialismus auf, als ſtellungsloſer
2520 995 3576 1048 Junglehrer gründete er eine völkiſche Monats⸗
2520 1051 3572 1102 ſchrift, in der er gegen den marxiſtiſchen Zeitgeiſt
2520 1104 3573 1153 und für die Idee des Nationalſozialismus
2520 1155 3574 1207 kämpfte. Als SA⸗Mann ſtand er ſchon in den
2522 1211 3574 1260 erſten Kampfjahren in den Reihen der Bewe⸗
2519 1265 3576 1315 gung, bei der Neugründung der Partei im Fe⸗
2520 1318 3575 1368 bruar 1920 wurde er wiederum Mitglied der
2522 1370 3574 1421 NSDAP und erhielt die Mitgliedsnummer
2520 1424 2632 1472 4871.
2564 1473 3574 1525 Der ſtellungsloſe Junglehrer Jordan arbei⸗
2522 1526 3576 1578 tete in dieſer Zeit als Hilfsangeſtellter im Fi⸗
2518 1578 3573 1628 nanzamt Fulda, um zugleich in allen Gegenden
2520 1631 3573 1679 des Reiches in Verſammlungen für die Be⸗
2519 1683 3575 1732 wegung zu werben. Im Jahre 1927 erhält er
2518 1735 3573 1785 endlich eine Stellung als Lehrer in Fulda, zu
2522 1786 3576 1836 gleicher Zeit leitet er die Ortsgruppe Fulda der
2520 1837 3576 1889 NSDAP und iſt der einzige Stadtverordnete
2519 1891 3571 1939 der Partei im Stadtparlament. Als Vertreter
2519 1941 3572 1993 der NSDAP tritt er 1929 in den Provinzial⸗
2520 1992 3214 2045 landtag von Heſſen⸗Naſſau ein.
2560 2043 3573 2097 Gauleiter Jordan war frühzeitig auch als
2518 2098 3571 2148 nationalſozialiſtiſcher Schriftlei⸗
2516 2148 3572 2200 ter tätig, als ſolcher gründete er im Jahre
2516 2201 3571 2254 1929 die Kampfzeitung der NSDAP „Ful⸗
2517 2251 3569 2304 daer Beobachter“. Es iſt klar, daß die
2516 2304 3571 2358 politiſche Betätigung Jordans ſchon längſt die
2517 2358 3574 2408 Aufmerkſamkeit der marxiſtiſchen Regierung er⸗
2518 2409 3570 2459 regt hat, kurz vor dem Weihnachtsfeſt 1929 wird
2513 2464 3570 2513 er wegen nationalſozialiſtiſcher Betätigung aus
2517 2512 3567 2565 dem Schuldienſt entlaſſen. So bekam
2514 2565 3568 2617 Rudolf Jordan, der als Schriftleiter wiederholt
2521 2620 3570 2670 zu Freiheitsſtrafen verurteilt wird, den Haß der
2516 2671 3570 2724 ſchwarz⸗roten Regierung auf eine ſehr bittere
2515 2723 2848 2773 Art zu ſpüren.
2562 2775 3565 2825 Als der Führer im Januar 1931 Rudolf
2518 2823 3567 2877 Jordan die Aufgabe überträgt, den Gau
2524 2879 3569 2929 Halle⸗Merſeburg, das von vielen kom⸗
2517 2931 3568 2981 muniſtiſchen Aufſtänden zerriſſene und berüch⸗
2514 2982 3567 3032 tigte „rote Herz Deutſchlands“ für den
2516 3034 3568 3085 Nationalſozialismus zu erobern, gelingt ihm
2513 3088 3565 3136 unter rückſichtsloſem Einſatz ſeiner Perſon der
2515 3139 3569 3187 umfaſſende Aufbau der Organiſation in dieſem
2515 3188 3564 3240 Gau. Aus der „roten Herz Deutſchlands“ wurde
2510 3240 3563 3296 bald eine Hochburg des Nationalſo⸗
2519 3294 2841 3341 zialismus.
2559 3343 3569 3396 Im Jahre 1933 berief Miniſterpräſident Gö⸗
2511 3397 3565 3448 ring Gauleiter Jordan in den Preußiſchen
2513 3448 3562 3499 Staatsrat, am 20. April 1937 betraute der Füh⸗
2511 3503 3563 3552 rer Gauleiter Jordan als Reichsſtatthal⸗
2509 3552 3561 3606 ter und Gauleiter mit der Führung des
2511 3606 3563 3656 Gaues Magdeburg⸗Anhalt. Die Ver⸗
2511 3655 3564 3707 bundenheit des Gauleiters und Reichsſtatthal⸗
2513 3708 3560 3760 ters Jordan mit der SA kam in der am 9. No⸗
2511 3761 3556 3812 vember dieſes Jahres erſolgten Ernennung
2512 3813 3559 3863 zum SA⸗Obergruppenführer zum
2512 3859 2732 3919 Ausdruck
3197 3875 3518 3924 Rud. Stache
1400 4034 3547 4179 Die neue Haustafel der NSDAP
1631 4209 3332 4275 Damit findet das wilde Ankleben von Plakaten endgültig ſein Ende
1443 4317 2173 4366 Als der Reichsorganiſationslei⸗
1395 4369 2176 4418 ter Dr. Ley im April des vergan⸗
1393 4423 2176 4471 genen Jahres die Neuorganiſation
1393 4473 2177 4523 der Partei in Zellen und Blocks
1395 4528 2167 4577 anordnete, verfügte er gleichzeitig,
1389 4577 2177 4629 daß in jedem deutſchen Hauſe zur
1391 4630 2176 4683 Unterſtützung der Zellen⸗ und
1394 4681 2165 4734 Blockleiter eine für das ganze
1393 4734 2174 4787 Reich einheitliche Haustafel
1391 4790 1762 4838 anzubringen ſei.
1438 4843 2169 4892 Die Haustafel hat die Aufgabe,
1390 4893 2167 4945 Mittler zwiſchen allen im Hauſe
1391 4946 2170 4997 wohnenden Volksgenoſſen und den
1389 4998 2170 5049 örtlichen Dienſtſtellen der Partei
1384 5054 2168 5101 und ihrer Gliederungen zu ſein.
1391 5105 2169 5155 Auf der Tafel ſind die Anſchriften
1388 5157 2174 5207 und Dienſtſtunden der zuſtändigen
1391 5210 2174 5259 Ortsgruppe der Partei, der DAF
1387 5262 2167 5311 und NSV. ſowie die Namen und
1385 5313 2169 5364 Sprechzeiten des für das Haus ver⸗
1388 5367 2166 5415 antwortlichen Blockleiters der Par⸗
1386 5419 2161 5467 tei und der Blockwalter der DAF
1386 5470 2169 5519 und NSV verzeichnet. Der untere
1386 5525 2165 5574 Teil der Tafel iſt für wichtige Mit⸗
1386 5574 2163 5625 teilungen der Partei und ihrer
1386 5629 2166 5677 Gliederungen beſtimmt und bietet
1385 5682 2168 5731 ſo die Möglichkeit, allen Volks⸗
1384 5734 2164 5785 genoſſen auf ſchnellſtem Wege alles
1384 5787 2160 5838 Wiſſenswerte aus der Bewegung
1382 5839 2165 5889 bekanntzugeben. Der obere Teil der
1387 5892 2163 5941 Tafel zeigt das Hoheitszeichen der
1386 5946 2438 5995 Partei und weiſt mit der Inſchrift: „Volks⸗
1387 5997 2438 6047 genoſſen, braucht Ihr Rat und Hilfe, ſo wendet
1385 6049 2436 6100 Euch an die NSDAP!“ auf die volksbetreuende
1385 6103 1982 6154 Arbeit der Bewegung hin.
1429 6154 2432 6208 Von den Hausbeſitzern dürfte die Schaffung
1384 6207 2437 6258 der Tafeln beſonders begrüßt werden, da mit
1387 6261 2438 6313 ihrer Anbringung das wilde Ankleben von Zet⸗
1385 6313 2442 6365 teln und Plakaten endgültig ſein Ende gefun⸗
1385 6367 1770 6418 den haben wird.
2541 5945 3550 5999 Die Tafeln ſind 65 X 80 Ztm. groß und aus
2498 5997 3548 6055 beſonderem Material ſehr feſt und dauerhaft
2503 6053 3546 6107 gearbeitet. Für die Anbringung im Freien iſt
2498 6105 3547 6159 eine emaillierte Tafel geſchaffen worden. Die
2501 6158 3549 6213 Beſchaffung der Tafeln iſt über den zuſtändigen
2498 6210 3231 6263 Blockleiter der NSDAP möglich.
2543 6263 3546 6316 Mit der Anſchaffung der Haustafel der NS⸗
2495 6316 3547 6372 DAP wird die Bereitſchaft der Hausbeſitzer be⸗
2496 6370 3548 6424 wieſen, die Bewegung in ihrer volksbetreuen⸗
3636 605 4684 659 den Arbeit zu unterſtützen und die Tatſache be⸗
3639 659 4688 713 kundet, daß das jeweilige Haus unter der Be⸗
3635 714 4245 768 treuung der NSDAP ſteht.
3647 871 4674 944 Anordnungen der NSDAP
3663 956 4654 1009 Kreisleitung der NSDAP Mannheim, Rheinstraße 1
3770 1031 4553 1094 Anordnungen der Kreisleitung
3669 1098 4683 1149 Die Ortsgruppenpropagandaleiter des Kreiſes Mann⸗
3632 1153 4682 1200 heim haben am Montag, 22. November, 20.15 Uhr, eine
3630 1202 4683 1256 wichtige Propagandaleitertagung in der „Harmonie“,
3633 1259 3806 1313 D 2, 5/6.
3862 1320 4462 1376 Ortsgruppen der NSDAP
3672 1387 4687 1429 Neckarſtadt⸗Oſt. Am 23. 11., 20 Uhr, Heimabend bei
3633 1428 4683 1471 Bode, Käfertaler Straße 33, für Frauenſchaft und
3634 1468 4686 1512 Frauenwerk. Liederbücher, Papier und Bleiſtift mit⸗
3631 1516 3795 1563 bringen.
3976 1547 4350 1602 NS⸗Frauenſchaft
3671 1606 4683 1652 Neckarau⸗Nord. 22. 11., 14 Uhr, Nähen bei Frau
3632 1653 3824 1692 Mayfarth.
3671 1693 4683 1737 Neckarau⸗Süd. 22. 11., 20 Uhr, Heimabend im Volks⸗
3628 1734 3726 1780 chor.
3673 1782 4683 1828 Feudenheim. Die Tombolagegenſtände für den WHW⸗
3629 1829 4687 1868 Baſar müſſen am 22. 11., zwiſchen 14.30 und 17 Uhr,
3630 1870 4684 1911 in der Geſchäftsſtelle der NSDAP Schützenhaus ab⸗
3629 1915 3940 1954 gegeben werden.
3669 1961 4685 2004 Almenhof. 23. 11., 20 Uhr, Heimabend (Singen) im
3629 2004 4685 2047 Gaſthaus „Zum alten Gaswerk“. Frauenwerk iſt ein⸗
3628 2049 4278 2089 geladen. Liederbücher mitbringen.
3670 2096 4681 2140 Strohmarkt. 23. 11., 20.15 Uhr, Pflichtheimabend im
3630 2139 4407 2179 Kinzingerhof. Frauenwerk iſt eingeladen.
3670 2192 4682 2234 Rheintor. 22. 11., 20 Uhr, Nähabend in der „Arche
3629 2236 4682 2275 Noah“. Anſchließend Beſprechung der Zellen⸗ und
3625 2277 4680 2315 Blockwalterinnen. 23. 11., 20.15 Uhr, Pflichtheimabend
3628 2318 4204 2360 im Geſellſchaftshaus, F 3, 13.
3666 2368 4681 2410 Rheinau, Neckarau⸗Nord und ⸗Süd, Sandhoſen, Neu⸗
3624 2412 4684 2451 eichwald und Waldhof. 22. 11., 15 Uhr, trefſen ſich die
3628 2452 4685 2493 Frauen vor den Rhein⸗Neckar⸗Hallen zum Beſuch der
3627 2495 4206 2541 Ausſtellung „Lebende Front“.
3662 2545 4684 2587 Kaſſenwalterinnen. Bis 25. 11. ſind die Loſe unbe⸗
3627 2588 4682 2628 dingt abzurechnen. Betr. Verſicherung der NS⸗Frauen⸗
3628 2630 4683 2670 ſchaft und des Frauenwerks. Die Verſicherungsmarken
3627 2672 4681 2714 ſind endgültig bis Ende des Monats mit der Beitrags⸗
3627 2713 4025 2754 zahlung abzurechnen.
3666 2759 4682 2807 Käfertal. 23. 11., 20.30 Uhr, Nähabend für alle Mit⸗
3631 2804 4406 2850 glieder im Heim, Mannheimer Straße 2.
3661 2855 4678 2900 Montag, 22. November, 20 Uhr, kommen die Frauen
3623 2898 4371 2943 zum Chorſingen ins Geſellſchaftshaus.
3666 2948 4677 3002 Friedrichsſeld. 22. 11., 20 Uhr, Heimabend im Adler.
4084 3022 4227 3078 BDM
3663 3088 4683 3134 Montag, 22. November, 20 Uhr: Sanitäts⸗
3621 3133 4675 3176 kurs von Fräulein Dr. Klor auf dem Untergau,
3625 3172 3744 3213 N 2, 4.
3664 3215 4685 3259 Fahrtengruppe 2. Alle Mädel kommen Dienstag,
3620 3255 4247 3298 23. November, 20 Uhr, nach N 2.
3660 3303 4680 3351 Muſikſchar. 22. 11., 19.30 Uhr, Probe im Schlageter⸗
3621 3348 4176 3394 haus (Geige, Cello, Braſche).
3662 3399 4680 3450 BDM⸗ und IM⸗ Sportwartinnenturnen. 22. 11.,
3624 3443 4151 3484 19.30 Uhr, in der U⸗Schule.
3658 3492 4683 3542 Gruppenluftſchutzreferentinnen. 23 11., 20 Uhr, Kurs
3623 3538 4050 3586 in der Luftſchutzſchule.
4084 3592 4220 3656 NSV
3667 3664 4677 3707 Neckarſtadt⸗Oſt, Lenauſtraße 21. 22. 11., 20 Uhr, Be⸗
3620 3706 4677 3755 ſprechung der Zellenwalter und Zellenhelferinnen in
3622 3746 3971 3791 der Geſchäftsſtelle
3719 3883 4584 3977 Die Polizei meldet:
3662 3998 4670 4055 Verkehrsunfälle. Im Laufe des Freitag er⸗
3623 4052 4672 4103 eigneten ſich hier fünf Verkehrsunfälle. Hierbei
3622 4097 4672 4150 wurden zwei Perſonen verletzt und mehrere
3628 4142 4105 4197 Fahrzeuge beſchädigt.
3669 4209 4672 4263 Verkehrsüberwachung. Wegen verſchiedener
3621 4258 4672 4307 Uebertretungen der Reichsſtraßenverkehrsord⸗
3624 4305 4670 4356 nung wurden 41 Perſonen gebührenpflichtig
3722 4419 4294 4497 Wenn die Augen
3725 4499 4295 4571 nimmer taugen
3724 4581 4591 4632 geh' zu Platz, Rathausbogen 4-9
3620 4709 4669 4756 verwarnt und an 17 Kraftfahrzeughalter wur⸗
3617 4753 4670 4804 den rote Vorfahrtsſcheine ausgehändigt, weil
3621 4797 4604 4852 ihre Fahrzeuge techniſche Mängel aufwieſen.
3663 4854 4664 4906 Wegen Ruheſtörung bzw. groben Unfugs
3619 4902 4608 4953 wurden fünf Perſonen zur Anzeige gebracht.
3887 5021 4403 5085 Totengedächtnisfeier
3834 5080 4444 5146 in der Konkordienkirche
3661 5160 4668 5214 Am Totenſonntag, 21. November, findet in
3618 5204 4668 5256 der Konkordienkirche wieder eine muſikaliſche
3621 5251 4671 5306 Feierſtunde ſtatt, die unter Bruno Penziens
3619 5298 4666 5352 Leitung ſteht. Orgelwerle von Bach und Reger,
3621 5344 4668 5394 Chöre alter Meiſter, Arien von Bach und Solo⸗
3618 5390 4668 5443 vorträge für Violine kommen zur Aufführung.
3624 5435 4668 5485 Mit Bruno Penzien an der Orgel wirken
3621 5481 4666 5533 Gertrud Ferkel (Sopran), Marianne Sonn⸗
3622 5528 4661 5582 tag (Violine) und der Verein für klaſſiſche
3621 5571 4145 5622 Kirchenmuſik zuſammen.
3652 5700 4632 5801 Wie wird das Wetter?
3612 5804 4668 5865 Bericht der Reichswetterdienſtſtelle Frankfurt / M.
3660 5876 4668 5934 Die raſche Oſtwärtsverlagerung des bisber
3615 5924 4667 5979 über England gelegenen Wirbels hat jetzt die
3613 5969 4665 6023 Ueberflutung von ganz Deutſchland mit wär⸗
3615 6017 4662 6071 merer Meeresluft ausgelöſt. Da aber von Eng⸗
3617 6063 4665 6115 land zu uns bereits wieder kalte Luftmaſſen
3612 6110 4661 6161 vorgeſtoßen ſind, iſt noch kein beſtändiges
3614 6155 4127 6205 Wetter zu erwarten.
3657 6208 4662 6268 Die Ausſichten für Sonntag: Wechſelnd be⸗
3613 6267 4661 6324 wölkt, einzelne Schauer, die im Mittelgebirge
3614 6327 4662 6386 vorausſichtlich wieder als Schnee fallen, Tages⸗
3610 6386 4475 6436 temperaturen zwiſchen 5 und 10 Grad.
892 6558 4173 6775 Mannheimer Gewerbebank E. G. m. b. H.
1099 6771 3954 6869 C 4, 9 b C 4, 9 b
897 6868 4159 6967 Erledigung aller Geldgeschäfte. Annahme von Spareinlagen auch von Nichtmitgliedern
