5126 7344
510 176 4882 564 HAKENKREUZBANNER
494 628 2217 668 Verlag und Schriftleiltung: Mannheim, R 3, 14/15. Fernruf-Sammel-Nr. Mannheim 354 21
493 666 2220 708 Berliner Schriftleitung: Berlin W 30, Nollendorfplatz 6. Fernruf 271 976. Erscheinungsweise: 7mal
494 710 2221 749 wöchentlich als Morgenzeitung. Hauptverbreitungsgebiet: Groß-Mannheim und Nordbaden
3143 627 4871 666 Bezugspreis: Frei Haus 2. — RM einschließl. Trägerlohn; bei Postbezug 1.70 RM (einschließl. 21 Rpf.
3145 667 4875 706 Postzeitungsgebühren) zuzüglich 42 Rpf. Bestellgeld. - Anzeigenpreise laut jeweils gültiger
3144 709 4877 750 Anzeigenpreisliste; zur Zeit ist Liste Nr. 13 gültig. - Zahlungs- und Erfüllungsort: Mannheim
497 799 2430 846 HAUPTAUSGABE MANNHEIM ‧ 13. JAHRGANG · NUMMER 91
2939 793 4882 845 DONNERSTAG, 1. APRIL 1943 ‧ EINZELVERKAUFSPREIS 10 RPF.
527 1000 3070 1172 Dönitz - das Schreckwort in England
580 1178 3020 1259 Die U-Boot-Flak zeigt sich erfolgreich gegen sichernde schwere Geleitbomber
658 1330 1175 1407 Achte im März
513 1425 1310 1470 (Von unserer Berliner Schriftleitung)
845 1484 1327 1525 G. S. Berlin, 31. März.
532 1531 1331 1571 Mit Fanfarenklängen des Rundfunks
494 1576 1329 1618 hat dieser Monat März, der erste Mo-
493 1624 1329 1665 nat der Dönitzschen U-Bootoffensive,
491 1670 1327 1712 geendet. Zum achten Male konnte
490 1717 1327 1761 eine U-Boot-Sondermeldung gegeben
491 1762 1328 1806 werden. Noch liegt die Gesamtzahl
493 1808 1330 1851 des März nicht vor. Die U-Boote müs-
490 1857 1330 1899 sen die Erfolge des 31. März erst noch
490 1902 1329 1945 melden. Im Laufe des Donnerstag
494 1949 1328 1991 werden wir wahrscheinlich erfahren,
492 1995 1330 2037 um wieviel hunderttausend BRT mehr
493 2040 1330 2086 feindliche Tonnage in diesem März
495 2091 1329 2132 gegenüber dem gleichen Monat des
494 2136 1334 2181 Vorjahres versenkt worden sind. In
492 2182 1329 2224 den sieben U-Boot-Sondermeldungen
494 2230 1331 2271 waren allein über 850 000 BRT ver-
493 2275 1333 2319 zeichnet. Dazu kommen noch Versen-
493 2319 1326 2364 kungen durch unsere Luftwaffe und
494 2367 1328 2410 Überwasserstreitkräfte. Auch unsere
493 2414 1326 2459 italienischen und japanischen Verbün-
494 2461 1328 2505 deten haben im März im Kampf gegen
491 2507 1323 2551 die feindliche Tonnage Erfolge erzielt.
493 2554 1328 2595 Man wird nicht fehlgehen, wenn man
494 2600 1329 2643 annimmt, daß die Dreierpaktmächte
493 2646 1329 2687 insgesamt rund eine Million BRT ver-
493 2694 1328 2734 senkt haben werden. Deutscherseits
493 2736 1328 2782 belaufen sich die Versenkungen im
489 2784 1329 2828 ersten Vierteljahr 1943 bereits auf
490 2831 1330 2875 über zwei Millionen BRT gegenüber
489 2878 1326 2921 nur etwa über 1 ½ Millionen im ersten
490 2924 1327 2966 Vierteljahr 1942. Unsere Streitkräfte
490 2972 1326 3014 unter und auf dem Wasser und in der
490 3017 1327 3059 Luft hatten im März 1942 zusammen
489 3064 1327 3105 nicht ganz 650 000 BRT feindlichen
490 3110 1118 3152 Handelsschiffsraum versenkt.
529 3157 1318 3199 Die Engländer versuchen weiterhin,
491 3204 1322 3243 das ganze Ausmaß dieser latenten
489 3249 1320 3291 Krankheit, die ihre Flotte befallen hat,
487 3297 1322 3337 zu verheimlichen. Die aus neutralen
488 3342 1321 3387 Ländern hin und wieder kommenden
489 3389 1319 3431 Meldungen über die Rettung von
483 3436 1324 3478 Schiffbrüchigen zerreißen diesen Ne-
486 3482 1323 3525 belschleier Churchills. Gerade jetzt
488 3530 1325 3571 gibt das portugiesische Rote Kreuz be-
487 3575 1319 3617 kannt, daß 1069 Schiffbrüchige in der
485 3621 1319 3665 letzten Zeit von achtundzwanzig
486 3667 1320 3710 allein an der ostafrikani-
484 3714 1322 3759 schen Küste versenkten anglo-
488 3760 1322 3802 amerikanischen Schiffen gerettet wur-
485 3807 1318 3849 den. Unter den Geretteten befinden sich
486 3853 1319 3896 Angehörige aller Rassen und Nationen.
488 3900 1321 3942 Das portugiesische Rote Kreuz gibt
487 3945 1322 3989 folgende Namen versenkter Schiffe be-
483 3992 1322 4035 kannt: „Evanthia“ (3551 BRT), „Alcoa
484 4037 1319 4083 Pathfinder“, „Expreß“, „Cleanthis“
510 4154 1296 4216 Die kämpferische Überlegen-
523 4217 1279 4269 heit der deutschen Soldaten
965 4286 1323 4327 Berlin, 31. März.
525 4333 1324 4373 Die schweren Verluste der Bolsche-
487 4378 1324 4421 wisten im Laufe der Winterschlacht
486 4426 1327 4467 sind die Folge der kämpferischen
488 4469 1324 4514 Überlegenheit der deutschen Soldaten
481 4518 1325 4560 und der meisterhaften Beherrschung
485 4565 1326 4606 ihrer Waffen. Einen neuen Beweis da-
485 4610 1326 4653 für liefert die Meldung einer im mitt-
485 4658 1327 4699 leren Abschnitt der Ostfront einge-
483 4704 1323 4747 setzten Sturmgeschützabtei-
481 4751 1326 4793 lung. Sie vernichtete innerhalb zweier
483 4798 1324 4838 Monaten 172 Sowjetpanzer, darunter
484 4843 1325 4885 28 schwere, ferner 100 Panzerabwehr-
485 4890 1323 4932 kanonen, 56 Geschütze, darunter Hau-
486 4936 1322 4978 bitzen, fünf Infanteriegeschütze, drei
483 4984 1321 5025 mittelschwere Flakgeschütze, einen
486 5030 1322 5070 Panzerzug sowie eine große Anzahl
486 5077 1321 5119 von Granatwerfern, Panzerbüchsen,
486 5122 1322 5165 Maschinengewehren und leichte In-
485 5170 1076 5214 fanteriewaffen des Feindes.
1381 1321 2214 1367 (4153), „Corinthiakos“ (3562), „Marie Ⅰ“,
1382 1371 2213 1412 „Monut Helikon“ (5525), „Nymphe“
1381 1416 2216 1458 (4504), „Saronikos“ (3548), „Panaghis“
1381 1464 2213 1503 (5187), „Alchiba“ (4427), „Cliftonhall“
1384 1510 2218 1552 (5063), „Darlington Court“ (4974), „Har-
1380 1555 2218 1599 tismere“ (5498). „Mahronda“ (7926),
1381 1601 2217 1646 „Nova Scotia“ (6796), „Trekieve“ (5244),
1384 1648 2222 1692 „Supetar“ (3748), „Susak“ (3889), „Go-
1380 1694 2217 1738 viken“ (4854), „Gunda“ (1770), „Hai
1382 1741 2215 1783 Hing“ (2561), „Wilford“ (2158), „Atlantic
1383 1787 2217 1832 Gulf“, „Helenic Trader“ (2052), „Ekna-
2267 1324 3097 1367 ren“ (5243), „Walkyrian und „Kabinga“.
2269 1371 3096 1413 Das sind achtundzwanzig Namen von
2268 1417 3100 1460 Schiffen, deren Leiber an der ostafri-
2268 1464 3098 1505 kanischen Küste von unseren U-Booten
2268 1512 3098 1552 zu den Fischen geschickt worden sind.
2271 1557 3099 1600 Achtundzwanzig Schiffe, mit Kriegs-
2266 1605 3097 1646 material, rüstungswichtigen Rohstoffen,
2269 1650 3099 1693 die entweder für die Versorgung der
2268 1699 3100 1741 anglo-amerikanischen Armeen im Na-
2268 1743 3100 1785 hen Osten oder für die Rüstungsindu-
2268 1791 2981 1832 strie Südafrikas bestimmt waren.
1378 1896 3100 1982 17 schwerbeladene Feindschiffe mit 103 500 BRT
1649 1996 2835 2047 U-Boot-Erfolge gegen Bomber und Handelsschiffe
1417 2070 2210 2111 DNB Führerhauptquartier, 31. März.
1419 2116 2212 2156 Das Oberkommando der Wehrmacht
1380 2162 1678 2203 gibt bekannt:
1420 2208 2213 2250 Unsere Unterseeboote haben den
1378 2254 2215 2296 Feind auf verschiedenen Nachschub-
1375 2300 2217 2344 linien erneut schwer getroffen. Sie
1383 2347 2216 2390 versenkten im Nordatlantik bei teil-
1379 2395 2214 2436 weise orkanartigem Wetter, im Mit-
1379 2440 2215 2481 telatlantik und im Mittelmeer, zum
1377 2485 2221 2528 größten Teil aus Geleitzügen, 17 feind-
1381 2532 2217 2573 liche schwerbeladene Handelsschiffe
1378 2578 2002 2620 mit zusammen 103 500 BRT.
1419 2626 2213 2665 In der Biscaya wurden fünf schwere
1377 2670 2216 2711 Feindbomber beim Angriff auf Unter-
1378 2716 2213 2756 seeboote durch die Abwehrwaffen
1378 2761 1973 2804 dieser Boote abgeschossen.
1422 2856 2219 2898 In der Sondermeldung wird aus
1381 2901 2219 2943 dem Kampf der U-Boote ein Gebiet
1379 2950 2215 2989 angesprochen, das neben den Versen-
1378 2995 2211 3035 kungserfolgen eine besondere Würdi-
1377 3040 2212 3082 gung verdient. Es ist der aktive
1377 3086 2214 3130 Kampf unserer U-Boote gegen die
1380 3134 2213 3174 feindlichen Bombenflugzeuge, die als
1378 3179 2218 3220 Luftsicherung bei Geleiten
1380 3225 2217 3267 stehen, aber auch in der Bucht von
1380 3272 2219 3312 Biskaya das Ein- und Auslaufen un-
1380 3319 2212 3355 serer Boote zu stören versuchen.
1376 3363 2213 3407 Schwere viermotorige Kampfflugzeuge
1376 3412 2214 3453 setzt der Feind hier ein, darunter
1375 3457 2214 3499 Langstreckenbomber vom Typ „Hali-
1375 3503 2216 3544 fax„ und „Stirling“. Mit Hilfe ihrer
1378 3548 2221 3591 verhältnismäßig geringen Flakbewaff-
1377 3596 2223 3638 nung haben die Besatzungen unserer
1379 3642 2216 3682 U-Boote nicht weniger als fünf von
1379 3686 2216 3730 diesen großen Bombern abgeschossen.
2310 2073 3100 2114 Die feindlichen Flugzeuge haben die
2270 2119 3101 2158 Aufgabe, unsere U-Boote durch Ab-
2267 2167 3103 2205 wurf von Wasserbomben unter Was-
2268 2213 3103 2252 ser zu drücken und sie dadurch am
2268 2257 3102 2298 Vorsetzen vor Geleitzüge zu hindern.
2270 2304 3104 2344 Die Kampfhandlungen zeigen, daß
2268 2351 3101 2391 unsere Boote aber auch in bestimm-
2269 2396 3101 2437 ten Lagen den Kampf aufzunehmen
2272 2443 3103 2483 verstehen. Wiederholt ist es dabei
2268 2488 3101 2531 auch schon zum gegenseitigen Be-
2267 2535 3101 2578 schuß mit Bordwaffen gekommen.
2268 2582 3101 2623 Der Abschuß von fünf feindlichen
2268 2627 3105 2667 Bombern zeigt, daß unsere U-Boot-
2268 2674 3102 2714 Besatzungen mit ihren Flakwaffen
2268 2719 3105 2760 ebensogut zu schießen verstehen wie
2268 2765 3100 2807 die Kommandanten mit den Torpedos.
2266 2811 3099 2852 Es ist das erste Mal, daß in diesem
2268 2858 3101 2900 Umfang ein solcher Sondererfolg un-
2269 2905 2941 2946 serer U-Boote gemeldet wird.
2331 2950 3080 2991 Von den als versenkt gemeldeten
2266 2996 3101 3036 17 Schiffen entfallen diesmal 6 auf
2269 3041 3103 3084 das Mittelmeer. Diese Schiffe
2268 3088 3099 3131 waren durch See- und Luftstreitkräfte
2267 3137 3101 3176 stark gesichert. Einige von ihnen hat-
2267 3180 3103 3222 ten Ladungen von Munition und
2270 3228 3103 3269 Wasserbomben an Bord und sanken
2267 3273 3100 3319 unter heftigen Explosionen. Die übri-
2264 3320 3100 3363 gen Dampfer wurden aus Geleitzügen
2266 3365 2920 3410 im Atlantik herausgeschossen.
2304 3412 3101 3456 Im Hauptkampfgebiet des Nord-
2267 3457 3098 3501 atlantik herrschte in der letzten
2267 3504 3100 3548 Märzwoche orkanartiges Wetter, so
2266 3551 3105 3596 daß zeitweise ein Waffeneinsatz nicht
2265 3596 3101 3644 möglich war. Aber schon bei der
2267 3645 3102 3688 ersten geringen Wetterbesserung wur-
2264 3687 3100 3737 den auch hier wieder Erfolge erzielt.
1690 3797 2796 3885 Nun ist London an der Reihe
1527 3898 2943 3948 Anglo-amerikanische Rede-Konferenzen am laufenden Band
1442 3966 2143 4010 (Von unserem Korrespondenten)
1718 4015 2210 4057 v. U. Zürich, 31. März
1410 4059 2207 4105 In dem politischen Hauptquartier der
1375 4109 2208 4150 Angelsachsen scheint man keineswegs
1379 4155 2209 4196 der Meinung zu sein, daß nun nach
1375 4200 2212 4242 Edens Besuch in Washington der Worte
1371 4247 2206 4288 genug gewechselt sind, im Gegenteil:
1369 4293 2210 4336 Eine neue Welle von Verhandlungs-
1374 4340 2210 4382 und Redekonferenzen zeichnet sich ab,
1377 4386 2212 4427 in deren Mittelpunkt London
1369 4431 2212 4474 stehen soll. Britischerseits wird das
1376 4476 2210 4518 Verhandlungsergebnis im Weißen Haus
1371 4524 2208 4568 so wertvoll und ermutigend genannt,
1376 4571 2208 4611 daß flugs eine neue Auflage der Kon-
1373 4617 2209 4657 ferenz stattfinden muß. Man kann näm-
1372 4661 2212 4706 lich auch der Meinung sein, daß eben
1374 4710 2204 4751 nicht alles nach Wunsch gegangen ist,
1375 4755 2208 4797 weshalb neue Versuche, diesmal im
1373 4800 2210 4843 Londoner Klima notwendig sind. Dafür
1374 4848 2208 4890 mag sprechen, daß englischerseits
1373 4895 2209 4935 Stimmung für eine Reise des Unter-
1370 4940 2207 4983 staatssekretärs, Sumner Welles
1372 4986 2207 5028 (also nicht des Außenministers Cordell
1377 5032 2206 5075 Hull) gemacht wird, der britischen
1375 5077 2207 5122 Gedankengängen zugänglicher zu sein
1369 5124 2212 5169 scheint und der jetzt das Prädikat er-
1371 5169 2207 5214 hielt, fähigster Kopf der nordamerika-
2262 3969 3098 4017 nischen Diplomatie zu sein. Neben den
2261 4018 3094 4062 USA wollen bei einer so geplanten
2264 4063 3100 4111 Konferenzfortsetzung in London die
2264 4110 3097 4156 Tschunking-Chinesen eine besonders
2264 4157 3094 4202 aktive Rolle spielen - wahrscheinlich,
2262 4202 3096 4248 um Churchill, der sie in seiner letzten
2265 4249 3098 4295 Rede vergaß, genügend wachzukitzeln -
2264 4298 3097 4341 und „mit der Materie vertraute Kreise“
2407 4404 2954 4473 Disziplin ist alles!
2864 4476 3040 4521 Moltke.
2261 4566 3096 4614 erklären, daß Maisky ebenso bei allen
2264 4616 3094 4657 Besprechungen aus- und eingehen
2263 4663 3095 4703 werde, wie Litwinow es während Edens
2265 4710 3095 4751 Aufenthalt im Weißen Haus getan hat.
2301 4754 3096 4796 Inzwischen hat Roosevelt ange-
2262 4802 3101 4842 kündigt, er werde sich mit Stalin
2263 4848 3096 4890 treffen, um alle die Sowjetunion und
2260 4894 3095 4935 die Vereinigten Staaten gemeinsam in-
2262 4940 3096 4981 teressierenden Fragen zu besprechen
2259 4985 3096 5030 und zu bereinigen. Wie sich der rote
2261 5032 3095 5074 Zar zu dieser Absicht stellt, ist vor
2259 5079 3096 5120 läufig nicht bekannt. Das ein Treffen
2259 5126 3095 5169 aber nur in Rußland in Frage kommen
2257 5172 2982 5214 kann, unterliegt keinerlei Zweifel.
709 5292 2873 5408 Englands Flugplätze von den USA kontrolliert
631 5415 2951 5476 Eine besorgte britische Konferenz in Kairo / London kämpft um verlorene Positionen
598 5500 1318 5544 Lissabon, 31. März. (Eig. Dienst.)
523 5550 1322 5592 Der Unterstaatssekretär im briti-
482 5596 1319 5638 schen Luftfahrtministerium, Bal-
486 5644 1318 5684 four, ist in Kairo eingetroffen, um
487 5691 1318 5732 Besprechungen mit den beiden Ver-
488 5737 1316 5777 tretern der englischen Regierung im
487 5783 1317 5824 Mittleren Osten, dem Australier Ca-
484 5832 1317 5872 sey und Lord Moyne, sowie mit
488 5877 1318 5920 Lord Swinton, dem Vertreter der
489 5924 1317 5965 englischen Regierung in Britisch-West-
489 5970 1316 6011 afrika, zu führen. Lord Swinton hält
490 6017 1318 6061 sich schon seit einigen Tagen in Kairo
491 6066 1316 6105 auf. Nach englischen Meldungen sollen
489 6110 1314 6152 Verkehrsfragen im Vordergrund stehen.
494 6158 1318 6197 Wahrscheinlich handelt es sich aber
496 6204 1317 6244 Afrika dominierenden USA-Luftnach-
496 6250 1315 6292 darum, eine Konkurrenz gegen den in
495 6298 1011 6336 schubdienst aufzuziehen.
531 6344 1317 6383 Das Luftnachschubsystem von West-
494 6390 1318 6429 afrika nach Ost- und Nordafrika ist
492 6434 1318 6478 heute praktisch vollständig in ame-
490 6483 1317 6523 rikanischen Händen. Seit dem
494 6529 1317 6568 Sommer 1941 haben die Vereinigten
492 6575 1317 6617 Staaten erst durch die Pan-American
493 6622 1318 6662 Airways - heute hat die USA-Heeres-
493 6667 1316 6708 luftwaffe die Regie offiziell in Händen
491 6714 1316 6754 - in West- und Zentralafrika ein Flug-
492 6760 1317 6804 platznetz aufgebaut, das der britischen
494 6807 1321 6848 Initiative kaum mehr Spielraum läßt.
492 6853 1320 6893 Es scheint, daß die Vereinigten Staa-
503 6899 1331 6941 ten in Liberia den Zentral-
1368 5502 2205 5545 punkt ihres  Luftnachschubdienstes
1369 5551 2209 5592 aufbauen. Die amerikanischen Flug-
1370 5596 2208 5639 plätze in den britischen Kolonien und
1370 5643 2208 5683 in den von de Gaulle verwalteten Ge-
1370 5689 2206 5731 bieten Afrikas werden heute größten-
1365 5735 2207 5776 teils schon von rein amerikanischem
1368 5782 1870 5826 Bodenpersonal bedient.
2296 5503 3093 5545 Die gereizten Debatten über die Zu-
2255 5548 3094 5590 kunft der zivilen Luftfahrt zwischen
2258 5594 3095 5637 Washington und London lassen die
2258 5641 3098 5684 starken Befürchtungen der Briten er-
2253 5689 3091 5730 kennen, von den Amerikanern auch auf
2257 5733 3094 5777 diesem Gebiet vollständig an die Wand
2257 5781 2698 5828 gedrückt zu werden.
1368 5887 3095 5973 Der italienische Soldat hart und unerbittlich
1485 5991 2947 6037 Das Ergebnis der Besichtigungsfahrt Vidussonis durch Italien
1433 6064 2141 6103 (Von unserem Korrespondenten)
1715 6108 2207 6148 v. U. Zürich, 31. März.
1410 6156 2209 6195 Die Besichtigungsfahrt des faschisti-
1366 6202 2209 6240 schen Parteisekretärs Vidussoni durch
1370 6247 2207 6288 Sizilien findet in der italienischen
1369 6293 2212 6334 Öffentlichkeit spontane, aber ernst ge-
1370 6341 2208 6381 haltene Zustimmung angesichts ihres
1371 6386 2207 6429 Ergebnisses: Mag der Krieg noch
1369 6434 2211 6473 näher rücken, so wird das Volk Ita-
1370 6479 2211 6520 liens, vorweg das sizilianische, die
1370 6525 2211 6569 Pflicht gegenüber dem Vaterland bis
1365 6572 2212 6614 zum letzten erfüllen. - Neutrale Presse-
1368 6618 2209 6660 stimmen beschäftigen sich gleicher-
1367 6663 2214 6706 weise mit diesem Thema und gelangen
1367 6711 2210 6754 zu dem vorsichtig gehaltenen Schluß -
1371 6757 2212 6799 wie er auch den italienischen Zeitun-
1375 6805 2213 6850 gen zu entnehmen ist - daß Wehr-
1373 6849 2213 6892 macht und Volk Italiens mit um so
1371 6897 2209 6941 größerer Hingabe zur Sache des Krie-
2258 6058 3098 6103 ges stehen, je näher er kommt und je
2260 6107 3096 6148 mehr er zu einer Bedrohung der hei-
2258 6154 3095 6194 matlichen Erde wird. Einzelschilde-
2258 6200 3095 6241 rungen, die Auskunft über die opfer-
2256 6246 3095 6286 bereite und entschlossene Haltung des
2257 6292 3097 6333 Volkes in allen seinen Schichten geben
2257 6339 3096 6381 sollen, finden ihren Weg aus der ita-
2257 6385 3093 6426 lienischen in die neutrale Presse. Her-
2257 6431 3095 6473 vorgehoben wird außerdem jener Pas-
2257 6477 3093 6519 sus des „Popolo di Roma“, der Ita-
2260 6524 3093 6565 liens Willen zur ritterlichen Hand-
2259 6571 3093 6611 lungs- und Kampfesweise gegenüber
2259 6616 3094 6658 dem Gegner erneut betont, aber davor
2255 6661 3092 6707 warnt, aus dem italienischen Volks-
2255 6708 3090 6751 charakter, der Brutalitäten abhold sei,
2259 6755 3092 6798 falsche Schlüsse zu ziehen. Der ita-
2257 6802 3093 6843 lienische Soldat werde hart und un-
2258 6847 3092 6893 erbittlich kämpfen, komme was da
2252 6897 2388 6944 wolle.
3270 1003 4764 1126 Sechs amerikanische Kronzeugen
3192 1149 3990 1191 Sechs amerikanische prominente Po-
3150 1197 3993 1237 litiker unq Journalisten wurden um
3153 1240 3996 1286 ihre Meinung über das Schicksal des
3151 1288 3992 1333 Britischen Imperiums nach Beendigung
3154 1342 3227 1382 des
3430 1340 3995 1381 des befragt. Der bekannte
3152 1390 3241 1428 Run
3445 1386 3989 1431 mentator William
3289 1436 3991 1478 er antwortete, daß „das gesamte
3151 1483 3993 1523 Britische Imperium zum Sterben ver-
3151 1527 3990 1571 urteilt sei und man kaum hoffen könne,
3153 1575 3991 1621 daß dieses Land aus dem Weltringen
3150 1621 3991 1667 unbeschadet hervorgehen werde.“ Mit
3153 1669 3991 1714 einem Wink auf die „amerikanische
3152 1716 3990 1759 Sendung“ als Weltbeglücker und Be-
3154 1761 3993 1808 freier „unterjochter“ Völker findet sich
3155 1807 3990 1853 der treffende Zusatz, daß man Indien
3152 1858 3988 1900 nicht auf die Dauer im Sklavenzustand
3151 1901 3988 1946 erhalten könne, da Indien nicht ein
3153 1948 3988 1992 britisches, sondern „ein Weltproblem“
3153 1995 3989 2040 darstelle! John Gunther, ein be-
3152 2043 3990 2086 kannter Zeitungsmann, der die „Chi-
3150 2090 3990 2133 cago Daily News“ in Paris, Moskau,
3152 2135 3990 2179 Berlin, Wien, Rom und anderen Orten
3150 2182 3988 2227 vertreten hatte und zur Zeit Mitarbei-
3153 2228 3988 2272 ter an achsenfeindlichen Wochenschrif-
3150 2276 3989 2318 ten, wie „Harpers Magazine“, „The Na-
3151 2323 3984 2366 tion“, „Saturday Evening Post“ u. a.,
3152 2370 3991 2412 ist, und dessen Meinung daher beson-
3153 2416 3987 2459 ders vernichtend in England empfun-
3156 2462 3990 2505 den werden muß, äußerte sich ent-
3153 2507 3986 2552 sprechend und betonte, daß „man das
3154 2556 3985 2598 Britische Imperium zwar noch nicht
3151 2601 3986 2644 ganz aufgeben könnte, bis ein würdiger
3151 2646 3984 2689 Ersatz hierfür geschaffen worden sei“.
3153 2694 3988 2737 Eine weitere befragte Journalistin ist
3153 2740 3987 2784 Freda Kirchway, zur Zeit Eigen-
3152 2786 3990 2829 tümerin und Herausgeberin der „Na-
3152 2832 3989 2877 tion“, die seit Jahren die „Weltmis-
3150 2881 3991 2924 sion“ des Yankeeimperialismus in ge-
3152 2926 3989 2970 bildeteren Kreisen populär zu machen
3150 2972 3989 3015 versuchte. Sie meint, daß „das Impe-
3149 3019 3986 3063 rium nach dem Kriege das Modell für
3153 3065 3987 3111 die demokratische Staatsform für alle
4041 1148 4884 1191 Nationen bilden“ würde und daher
4039 1195 4879 1239 nicht als „verloren“ betrachtet werden
4041 1242 4880 1288 könnte. England würde nicht verlieren,
4040 1291 4881 1334 sondern gewinnen, da es seine (frei-
4037 1339 4881 1381 maurerische) „Weltmission“ erfüllt ha-
4042 1386 4880 1426 ben würde! Cecil Brown - von den
4040 1432 4881 1474 Japanern aus Singapur hinausgeworfen
4039 1480 4883 1521 - kommentiert die Zukunft des Impe-
4041 1526 4881 1567 riums mit folgenden Worten: „Das Im-
4040 1574 4882 1616 perium wird nach dem Weltkriege auf-
4045 1619 4881 1662 gehört haben zu bestehen!“ Das Urteil
4043 1667 4877 1706 des bekannten Senators Nye,
4042 1712 4881 1755 North Dakota, ein zweiunddreißiggra-
4043 1759 4881 1802 diger Freimaurer und Pythiasritter,
4043 1807 4880 1849 der zu den eingeweihtesten Dunkelmän-
4043 1853 4881 1894 nern in den USA gehört (bekannt
4043 1898 4881 1941 wurde er durch die „Enthüllungen“ in
4044 1946 4879 1989 den berüchtigten Munitionsskandalen
4037 1993 4882 2034 gegen Du Pont und Morgan 1935, die
4040 2039 4881 2080 damals von Hull auf einen Wink Eng-
4040 2084 4881 2127 lands abgeblasen wurden!), muß für
4040 2133 4882 2173 britische Ohren niederschmetternd wir-
4041 2180 4880 2221 ken: „Ich habe immer das Gefühl ge-
4042 2227 4879 2266 habt, daß die ungeheure Größe und
4044 2273 4878 2315 Ausdehnung des Britischen Imperiums
4039 2318 4879 2360 eine Bedrohung des Friedens in der
4042 2365 4879 2406 öffentlichen Meinung der Völker dar-
4040 2410 4876 2453 stellt. Jede kommende Friedensrege-
4045 2458 4879 2501 lung wird daher Britannien zwingen
4043 2507 4879 2546 müssen, seine Besitzungen herauszu-
4041 2551 4877 2593 geben!“ Schließlich noch die Meinung
4043 2599 4876 2637 von Professor Bertraud Russell.
4041 2643 4877 2686 Er gab unumwunden zu, daß „alle bri-
4043 2691 4875 2731 tischen Besitzungen in der westlichen
4042 2737 4875 2777 Hemisphäre im Rahmen der Leih- und
4043 2783 4878 2824 Pachtgesetze an die USA verkauft oder
4039 2829 4878 2872 verpachtet werden sollten. Indien solle
4039 2877 4875 2919 zum Freistaat erklärt und die für See-
4037 2921 4880 2964 und Luftstützpunkte wichtigen Posi-
4041 2968 4879 3011 tionen wie Singapur, Aden, Colombo
4039 3014 4878 3057 u. a. neutralisiert werden.“ Wahrlich,
4041 3061 4795 3104 eine schöne „Waffenbrüderschaft“!
3488 3217 4559 3333 Syrien und Libanon
3615 3358 3990 3401 Berlin, 31. März.
3190 3404 3997 3452 Vor wenigen Tagen begab sich der
3152 3453 3990 3499 Exgeneral Catroux von Syrien
3150 3497 3991 3545 nach Algier, um mit General Gi-
3145 3544 3986 3589 raud Vorverhandlungen zu führen,
3151 3590 3988 3637 die ein tragfähiges Abkommen zwi-
3149 3637 3992 3684 schen den Leitern der beiden Vichy
3148 3682 3990 3730 abtrünnigen französischen Kolonial-
3152 3729 3986 3779 parteien ermöglichen sollen. In Kairo,
3150 3777 3992 3822 wo er Station machte, hatte er einem
3149 3823 3991 3869 der zahlreichen Reporter, denen das
3149 3869 3991 3916 Fehlen wirklicher News auf die Ner-
3152 3917 3987 3963 ven zu gehen beginnt, ein Interview
3153 3963 3991 4011 gegeben, in dem er sich aber nicht
3147 4008 3989 4054 mit dem Vorhaben beschäftigt, die
3151 4056 3988 4104 Häupter der feindlichen Fraktion zu-
3150 4101 3988 4149 sammen- und wenn möglich zur Ver-
3150 4148 3990 4195 söhnung zu bringen, sondern mit je-
3148 4194 3989 4242 nem Programm, das glücklich durch-
3149 4240 3987 4287 zuführen, ihm in Syrien nicht gelun-
3150 4287 3985 4335 gen war. Er werde alles tun, beschloß
3152 4333 3987 4379 er seine Darlegung, Syrien und Li-
3151 4380 3987 4426 banon wirkliche Verfassungsrechte zu
3168 4427 3970 4473 geben, mit der Maßgabe zwar, daß
3149 4473 3989 4519 die Lösung, die er endlich zu erzwin-
3150 4519 3986 4567 gen hoffe, den Vorrechten Frank-
3148 4568 3987 4613 reichs alle Gerechtigkeit angedeihen
3149 4618 3265 4658 lasse.
3191 4657 3985 4705 Catroux hat, seit er als Oberst zum
3149 4705 3987 4752 ersten Male nach Istanbul kam, viele
3151 4752 3988 4796 Jahre seines Lebens im Nahen Osten
3149 4798 3985 4844 und die beiden letzten zum größten
3150 4845 3989 4892 Teil in Syrien verbracht. Das erklärt
3149 4890 3987 4937 zu einem gewissen Teil die Leiden-
3149 4936 3987 4985 schaftlichkeit, mit der er danach
3150 4983 3984 5031 strebt, das syrische Problem zu lösen.
3150 5030 3987 5076 Aber es sind nicht nur subjektive
3151 5077 3988 5123 Beweggründe, die ihn veranlassen
3148 5123 3986 5170 mögen, das verhältnismäßig kleine
3149 5170 3986 5217 Gebiet, das Frankreich einmal als
3150 5216 3983 5262 Mandatsmacht übernommen hat, in-
3147 5263 3984 5310 nerlich zu befrieden und es davor zu
3145 5310 3985 5356 bewahren, für alle Zukunft von Bri-
3147 5356 3984 5401 tannien mit Beschlag belegt zu wer-
3149 5400 3988 5448 den. Auch die Größe und die wirt-
3146 5448 3984 5496 schaftliche Bedeutung der umstritte-
3146 5493 3985 5541 nen Gebiete - Syrien soll auf
3149 5541 3982 5586 Grund der ausgegebenen Identitäts-
3149 5586 3983 5633 karten im Jahre 1940 2 636 292 Ein-
3147 5633 3982 5680 wohner gehabt haben - geben keine
3146 5680 3982 5724 hinreichende Erklärung dafür, daß
3148 5725 3983 5773 Catroux, dem von den Angloameri-
3146 5773 3982 5818 kanern eine bedeutende politische
3143 5819 3983 5866 Mittlerrolle zugedacht ist, seinen Ehr-
3191 5866 3982 5914 iz darein setzt, Syrien für seine
3143 5916 3616 5959 Partei zu - „retten“.
3185 5962 3983 6006 Es sind vielmehr die strategische Be-
3148 6007 3979 6053 deutung des am Schnittpunkt dreier
3144 6053 3980 6099 Erdteile gelegenen Landes, die Boden-
3145 6101 3976 6147 gestalt, die es zu einer natürlichen
3143 6147 3980 6193 Festung macht und seine Eigenart als
3142 6195 3978 6239 Durchgangsland sowohl von Westen
3142 6242 3979 6283 nach Osten wie von Norden nach Sü-
3146 6288 3980 6332 den, die Syrien in den Augen des
3142 6335 3983 6376 abenteuerlichen und ehrgeizigen Ex-
3142 6381 3979 6425 generals einen Rang von absoluter Ein-
3144 6429 3973 6470 zigartigkeit geben. Wer Syrien besitzt,
3141 6475 3975 6514 kontrolliert die Einfallspforte,
3143 6522 3975 6563 die einerseits aus dem östlichen Mit-
3142 6569 3975 6607 telmeer nach dem Irak mit seinen
3141 6614 3974 6655 Erdölfeldern und den strategisch hoch
3142 6660 3976 6702 bedeutsamen Häfen am Persischen Golf
3142 6707 3974 6749 führt, und der hat andererseits den
3144 6754 3976 6795 Schlüssel in der Hand, das Tor, das die
3141 6800 3979 6841 Ankararepublik von der arabisch-afri-
3139 6845 3969 6889 kanischen Landmasse trennt, zu öffnen
3138 6893 3973 6941 oder zu schließen. Grund genug also
4039 3356 4877 3398 für einen Mann von ausgeprägtem In-
4041 3402 4875 3445 stinkt für die Kräfte, die in der euro-
4039 3450 4876 3491 päisch-asiatisch-afrikanischen Brücken-
4042 3495 4875 3536 zone um die Herrschaft ringen, und
4037 3542 4877 3583 für die natürlichen Chancen, die sich
4037 3588 4875 3632 ihnen darbieten, jede Gelegenheit aus-
4039 3635 4881 3676 zunutzen, um sich eine persönliche
4040 3681 4607 3722 Machtposition zu schaffen.
4079 3727 4881 3771 Schon General Dentz, der im Früh-
4039 3777 4874 3817 sommer 1941 das Mandatsgebiet gegen
4040 3819 4879 3862 den Einmarsch der von dem Briten-
4043 3867 4877 3910 general Wilson kommandierten Empire-
4041 3914 4880 3957 truppen und de Gaullisten zu verteidi-
4041 3961 4876 4005 gen versucht hatte, war dem syrischen
4043 4005 4877 4051 Freiheitsstreben so weit entgegenge-
4039 4051 4874 4097 kommen, daß er dem Land die Erfül-
4039 4097 4879 4143 lung aller syrischen Hoffnungen, die
4039 4145 4877 4190 vorbehaltlose Unabhängigkeitserklä-
4041 4193 4875 4239 rung, in Aussicht stellt. Er hatte, um
4039 4238 4874 4285 mindestens einen Anfang zu machen,
4039 4282 4879 4332 den bis dahin bestehenden „Direktions-
4039 4329 4878 4379 rat“ durch eine Regierung ersetzt, an
4036 4374 4877 4427 deren Spitze ein Regierungschef trat.
4037 4421 4877 4470 Er hatte der Zentrale eine beratende
4039 4467 4875 4518 Versammlung beigegeben, die sich aus
4038 4515 4874 4564 den maßgebenden Vertretern des poli-
4035 4561 4874 4611 tischen, kulturellen und wirtschaft-
4038 4606 4876 4657 lichen Lebens zusammensetzte. Ein
4038 4655 4876 4704 Staatsrat wurde damit beauftragt, neue
4039 4699 4877 4752 Gesetzesvorlagen auszuarbeiten, und
4038 4745 4877 4800 die Regierung wurde ausdrücklich an
4040 4793 4875 4845 der Gesamtorganisation der Nahrungs-
4037 4839 4872 4890 mittelversorgung und eines Programms
4040 4883 4871 4939 öffentlicher Arbeiten beteiligt. Aber
4038 4932 4875 4983 im Feuer der britischen Geschütze ließ
4037 4978 4872 5030 sich der großangelegte Reformplan
4037 5024 4873 5078 nicht mehr verwirklichen. Am 11. Juli
4039 5068 4872 5125 1941 stellte Dentz den im Auftrag des
4039 5115 4876 5170 Marschalls Pétain todesmutig durch-
4038 5162 4877 5216 gehaltenen Widerstand ein. Die Briten
4037 5209 4515 5257 rückten in Syrien ein.
4077 5254 4877 5310 Schon am 8. Juni hatte Catroux
4037 5299 4873 5358 in einem Aufruf an die Bevölkerung
4035 5345 4872 5404 seinerseits erklärt, er wolle als Ver-
4036 5393 4877 5452 treter des „freien Frankreich“ das
4033 5438 4868 5497 Mandatsregime beenden und Syrien
4039 5485 4872 5544 und Libanon für frei und unabhängig
4035 5530 4873 5592 erklären. Churchill hatte der Ver-
4033 5577 4872 5638 sicherung zwei Tage später die Erklä-
4033 5627 4872 5686 rung hinzugefügt, England habe keine
4032 5670 4874 5731 territorialen Wünsche in Syrien; es
4033 5719 4875 5779 wolle nur den Deutschen zeigen, daß
4031 5763 4869 5824 Britannien gewillt sei, Syrien zu ver-
4031 5811 4871 5870 teidigen. Später - als „Generaldele-
4034 5857 4869 5920 gierter, Kommissar und Kommandant
4031 5904 4871 5967 der Truppen des freien Frankreich in
4033 5949 4869 6014 der Levante“ von de Gaulles Gnaden -
4030 5997 4868 6061 mußte sich Catroux allerdings bereit-
4026 6043 4876 6108 finden, seine Versprechungen stark ab-
4030 6090 4868 6154 zuschwächen. Die hinter den Kulissen
4030 6134 4868 6202 geführte Geheimpolitik des Foreign
4033 6182 4870 6247 Office, die seit dem Sykes-Picot-Ab-
4033 6228 4866 6295 kommen von 1916 nie geruht hatte, den
4030 6277 4863 6338 syrischen Raum entgegen nicht nur den
4030 6322 4868 6388 arabischen Einigungswünschen, son-
4026 6366 4869 6432 dern ungeachtet selbst der feierlichen
4029 6411 4866 6482 Versprechungen, die England den Ara-
4025 6459 4863 6531 bern im Weltkrieg gegeben hatte, un-
4027 6506 4865 6575 ter britische Kontrolle zu bringen,
4026 6554 4864 6620 machte sich wieder bemerkbar. Ca-
4024 6599 4860 6666 troux kam nicht dahin, dem syrischen
4023 6646 4865 6713 Volk auch nur die elementarsten Zu-
4024 6695 4861 6763 sagen einzulösen, die er im ersten
4024 6738 4859 6806 Überschwang, aber doch auch in der
4023 6785 4861 6857 Absicht gemacht hatte, als Sachwalter
4022 6835 4857 6903 de Gaulles die Interessen des „freien
4022 6880 4861 6951 Frankreich“ zu vertreten. Das Verfas-
