5199 7351
751 148 1963 243 Wenn der Schlehdorn blüht . . .
1081 260 1644 320 Von Jochen Schmidt
539 341 1336 386 Graue Schleier, Schleppen einer
502 387 1337 431 jammervollen Finsternis, wallen träge
502 434 1336 477 durch die Nacht, winden sich unterm
503 482 1332 523 Monde zu dichten Knäueln, daß sein
501 527 1333 569 fahlweißes Licht eine Zeitlang ermat-
500 573 1334 617 tet, lösen sich wieder und ziehen
501 620 1332 662 schwerfällig weiter, müde, trostlos.
499 667 1333 708 Drüben, wo sich aus dem blinden
499 712 1330 755 Spiegel des Sees ein lansgestreckter,
499 759 1329 800 kaum unterscheidbarer grauer Nebel-
496 804 1328 847 rücken aufhebt, sinken sie nieder und
497 853 1331 897 werden eins mit der ewigen Stille
497 897 768 938 der Wälder.
523 943 1330 985 Ich blicke ihnen nach und wage
492 991 1327 1031 mich kaum zu rühren. Auch hier oben,
496 1036 1328 1078 auf dem Himberg, legt sich beklem-
494 1082 1328 1123 mend jene Unruhe und Ahnung von
493 1128 1326 1170 bösem Geschehen auf meine Sinne,
494 1175 1326 1216 die mich vor Mitternacht von meinem
495 1220 1325 1263 Lager auf diesen freien Hügel trieb.
530 1268 1328 1307 Die Luft ist lau, drohende Stille er-
495 1315 1330 1356 füllt die Nacht. Nur oben, wo der
494 1362 1326 1402 Vollmond fahl und mit trüben Ringen
494 1408 1324 1446 seine Bahn zieht, herrscht ein erstik-
496 1450 1324 1493 kendes Ringen. Böse Mächte sind
492 1500 1324 1540 unterwegs, ich spüre es mit allen Fi-
490 1544 1201 1588 bern. Und das Dorf schläft . . .
533 1592 1329 1633 Die Alten wissen noch um solche
495 1638 1328 1680 Nächte im Vorfrühling und warnen.
488 1685 1324 1726 In dieser Zeit bricht alles schädliche
494 1730 1328 1772 und unheimliche Gewächs, alles Un-
492 1778 1324 1818 kraut in Feld und Garten aus dem
492 1821 1325 1865 Boden. Habe ich's nicht selbst ge-
493 1871 1324 1912 sehen, heute, beim Graben; Ein Wüh-
493 1915 1322 1957 len und Gären ist in der dampfenden
491 1961 1324 2002 Erde, ein Kriechen und Drängen von
492 2008 1320 2051 bleichen Winden, tückischen Quecken
494 2057 1324 2097 und geilen Schachtelhalmen . . . Für
491 2101 1327 2142 sie ist es an der Zeit, ehe die Einsaat
492 2147 840 2191 bestellt wird . . .
526 2194 1326 2236 Ich blicke über die Seen und Wäl-
490 2241 1322 2283 der. Kocht es auch im tiefen Wasser?
490 2287 1323 2330 Nein, wenn der Mond eine matt-
491 2336 1318 2377 glänzende Bahn über die weiten,
488 2382 1321 2422 dunklen Flächen wirft, ist es ruhig.
518 2427 1319 2471 Die Möwen sind nicht zu hören.
487 2474 1320 2515 Das ist sonderbar. In dieser Zeit
488 2518 1321 2561 schreien sie auch in der Nacht ihre
485 2568 1318 2607 unruhevolle Sehnsucht dem Frühling
485 2613 1325 2655 entgegen. Wissen die Tiere um den
485 2658 902 2699 Kampf der Bösen?
525 2705 1323 2745 Aber ich habe auch andere Zeichen
489 2752 1321 2793 gesehen in diesen Tagen, Zeichen des
485 2798 1322 2839 Lichts und des Sieges. An schlanken
483 2842 1320 2885 Buchenstämmen war plötzlich ein
486 2890 1324 2932 lichter Zweig aufgesprungen; fri-
486 2937 1321 2979 sches, junges Grün leuchtete unter
481 2984 1320 3024 ernsten Kronen hervor. Veilchen fan-
485 3030 1322 3072 den sich am Wege, das Gold der
485 3075 1320 3118 Schlüsselblume glühte auf den Wie-
482 3123 1323 3163 sen und der Boden des Waldes
483 3169 1320 3211 strahlte festlich weiß von Anemonen.
523 3214 1322 3258 Mir wurde leichter zu Sinn, als ich
483 3261 1321 3304 daran dachte. Ein Windstoß fuhr von
485 3307 1319 3347 Westen über das Land. Als ich auf-
482 3353 1325 3395 sah, trieben die grauen Schleier in
485 3400 1324 3441 Fetzen von dannen und die Sterne
1378 343 2211 386 blitzten vom nächtlichen Himmel.
1376 390 2208 433 Eine Fledermaus taumelte erschreckt
1377 436 2211 482 gegen die Hänge des Himbergs und
1375 484 2210 526 verschwand im Dunkel wie der Spuk,
1373 530 2209 573 der mich eben noch in seinen Bann
1374 577 1754 620 geschlagen hatte.
1418 623 2210 666 lch hörte ein scharfes Knacken.
1377 669 2205 712 Das Signal des Fernzugs. Die rote
1376 713 2205 757 Lampe, unten auf der Strecke, die ich
1376 761 2210 803 eben noch als düster drohende War-
1377 808 2210 849 nung empfunden hatte, warf jetzt ein
1377 853 2210 896 tröstliches, grünes Licht herauf. Der
1376 899 2209 942 Zug donnerte heran, ungeheuer, tita-
1374 946 2208 987 nenhaft in ihren Umrissen die riesige
1374 992 2206 1032 Lokomotive. Dahinter die Lichter-
1372 1037 2205 1080 raupe der Wagen, in denen man ein-
1373 1086 2122 1127 zelne Menschen erkennen konnte.
1409 1131 2206 1171 Der Zug raste vorüber und sang
1368 1175 2206 1217 noch lange sein sieghaftes Lied in die
1369 1220 2185 1264 Ferne. Wer fuhr da unten vorbei?
1373 1266 2204 1308 Du heller, lockender Mädchenkopf,
1374 1314 2209 1355 den lch am Ende des letzten Wagens
1369 1361 2206 1404 erblickte, wen wirst du am Ziel dei-
1368 1406 2205 1448 ner Fahrt mit glückstrahlenden, früh-
1370 1454 1967 1495 lingsfrohen Augen grüßen?
1415 1499 2204 1542 Wieder erschien die rote Lampe;
1372 1544 2205 1587 aber nun konnte sie mich nicht mehr
1372 1591 2203 1631 schrecken. Die Möwen auf ihrer In-
1371 1637 2209 1678 sel waren erwacht, rauhes, liebe-
1371 1682 2206 1726 heischendes Schreien sties von dort
1370 1729 1462 1774 auf.
1411 1774 2206 1816 Als ich mich zum Gehen wenden
1366 1823 2207 1864 wollte, stand ich wie geblendet vor
1369 1868 2207 1909 einem leuchtenden Schlehdornbusch.
1366 1914 2206 1957 In dieser Nacht waren seine Blüten
1367 1961 2208 2004 aufgebrochen und prangten in rein-
1369 2007 2208 2046 stem Weiß aus dem nächtlichen Hin-
1370 2053 1575 2096 tergrund.
1406 2096 2206 2142 lch war erschüttert. An den hellen
1368 2142 2206 2188 Mädchenkopf im Fernzug mußte ich
1371 2192 2207 2233 denken und trat näher an den jung-
1368 2238 2205 2279 fräulichen Strauch heran. Seine Lieb-
1366 2284 2204 2326 lichkeit, Zartheit und Keuschheit
1366 2329 2202 2370 rührten mich. Wiederum stand ich
1368 2375 2210 2418 in einem Zauber gefangen, aber nun
1368 2423 2206 2467 jubelte mein Herz, weitete sich meine
1368 2470 2206 2509 Brust und mein Sinnen und Denken
1369 2514 2046 2556 öffnete sich dem Frühling . . .
1406 2561 2207 2603 Aber der Schlehdorn besaß lange,
1366 2608 2205 2648 spitze Stacheln, wehrhaft und herbe
1367 2652 2209 2694 schützte er seine strahlende Schön-
1365 2699 2206 2741 heit. lch ließ es, einen Zweig zu bre-
1367 2746 2206 2788 chen . . . Und ging voll Seligkeit zur
1364 2792 1498 2833 Ruhe.
1403 2887 2206 2931 Der Maler und Graphiker Wilhelm
1364 2933 2207 2970 Geißler, seit Jahren auch Leiter der
1367 2975 2205 3011 „Woensampresse“, Werkgemeinsch. deut-
1367 3013 2205 3051 scher Graphiker, wurde als Direktor an
1366 3054 2205 3091 die Meisterschule des deutschen Hand-
1367 3096 2021 3140 werks nach Wuppertal berufen.
1399 3154 2197 3194 Nachdem vor kurzem die Regensburger
1363 3200 2200 3237 Domspatzen unter Leitung von Professor
1364 3237 2197 3277 Th. Schrems in den Niederlanden weil-
1365 3281 2202 3318 ten, wurden jetzt die Wiener Sänger-
1361 3321 2205 3360 knaben in einer großen Zahl niederländi-
1364 3361 2202 3402 scher Musikstädte auf das lebhafteste be-
1361 3404 1493 3443 grüßt.
2344 158 3083 245 DAS URTEIL
3360 215 3673 255 Roman von
3137 256 3886 311 ARNOLD KRIEGER
2253 350 2556 395 32. Fortsetzung
3104 347 3950 396 Copyright 1942 by Wilhelm Heyne Verlag in Dresden
2286 424 3088 469 Da der Vater ganz ruhig und sach-
2248 469 3083 514 lich tat und auch schon ein Sacktuch
2254 517 3089 560 hervorzog, worin er die Stupsnase be-
2250 564 3085 607 hutsam einwickeln wollte, um sie ge-
2253 611 3087 657 raderichten zu lassen, da begann Heinz
2253 659 3088 700 aus Leibeskräften zu schreien, und es
2251 702 3087 749 ging alsbald in flehentliches Wimmern
2254 753 2375 797 über.
2291 817 3087 864 „Und du sollst nun bald zur Schule!“
2252 865 3087 909 sagte Andreas, ihn loslassend. „Wie
2251 911 2915 956 kannst du nur so dumm sein!“
2286 977 3089 1023 Heinz beruhigte sich lange nicht.
2252 1027 3086 1068 Schließlich tat er Andreas leid. Er
2253 1073 3084 1116 hatte vielleicht das kindhafte Ver-
2249 1121 3084 1163 trauen des Kleinen mißbraucht. Ein
2250 1166 3081 1210 Kind glaubt eben seinen Eltern alles,
2254 1209 3086 1258 wenn es ernst genus vorgebracht wird.
2291 1267 2997 1321 „Hol die Sparbüchse!“ gebot er.
2289 1326 3083 1372 Nachschluckend, mit geröteten Augen
2251 1376 3088 1417 und geröteter Nase, hielt ihm Heinz
2250 1420 3086 1465 die Büchse hin, zaghaft, dankbar und
2255 1469 2807 1513 doch nicht ganz versöhnt.
2293 1524 3082 1570 Andreas suchte in seiner Börse.
2252 1571 3086 1617 „Hier ist ein Groschen!“ Da hatte
2251 1617 3085 1664 Heinz ihm die Hand mit dem Geld
2252 1663 3089 1709 heruntergezogen. „Hast du nicht
2253 1712 3089 1755 blanke Kupfer?“ Es fanden sich einige
2250 1757 3088 1801 Zweier. „Bekomme ich die für die
2252 1805 3082 1849 Brause?“ fragte er begehrlich. So
2253 1851 3088 1896 schenkte ihm Andreas das eine wie das
2254 1895 3086 1942 andere, und Heinz zählte und rechnete
2252 1943 3085 1988 den ganzen Nachmittag bis zum Schla-
2251 1988 3080 2035 fengehen, und seine Wangen glühten.
2246 2036 3085 2084 Beschämt empfing Andreas einen be-
2249 2079 3088 2129 sonders herzlich gemeinten Gutenacht-
2247 2134 2352 2180 kuß.
2290 2196 3090 2245 Es würde wohl einen harten und
2254 2245 3086 2294 langen Winter geben. Die Seiden-
2247 2292 3084 2338 schwänze kamen vom hohen Norden
2253 2335 3084 2384 bis tief ins Reich hinunter. Wenigstens
2249 2383 3086 2433 lasen es die Wolliner so in der Zei-
2248 2438 2366 2481 tung.
2289 2488 3082 2535 Für Mantheys ließ sich alles gut an.
2253 2534 3082 2583 Die Vielseitigskeit des Meisters fand
2251 2582 3079 2631 immer neue Betätigung. Es gab kein
2249 2630 3086 2676 Abschwellen der Saison. Manthey war
2246 2673 3083 2723 ein findiger Kopf, dem die meisten das
2251 2722 3081 2767 Glück gönnten, das ihm unter den
2247 2771 2788 2817 fleißigen Händen wuchs.
2286 2822 3084 2873 „Es ist ein Mann von Wohlstand“,
2250 2872 3085 2919 sagten sie an dem Stammtisch, „aber
2252 2917 3086 2966 es ist auch ein Mann von Anstand. Nie
2251 2966 3082 3012 bittet man ihn vergebens um eine Mit-
2247 3008 3081 3058 hilfe. Er arbeitet wie ein Stier, und
2249 3057 3081 3105 doch hat er Zeit für das städtische
2249 3105 3081 3151 Wohl. Er hängt an Wollin, das eben
2243 3153 2427 3197 ist es!“
2287 3206 3082 3253 Wenn er sich müdegearbeitet hatten,
2246 3257 3078 3302 glätteten ihm Ernas Finger die zer-
2247 3302 3083 3347 rauften, starken Brauen und strichen
2245 3352 2808 3393 den grauen Staub heraus.
2287 3396 3086 3443 „Einmal wirst du der steinreiche
3126 417 3961 464 Manthey sein. Wirst du dich dann auch
3128 468 3593 511 noch so anstrengen?“
3169 512 3961 557 „Ich werde arbeiten, solange mir
3123 561 3959 604 Gott meine Fäuste läßt, und solange
3127 607 3964 652 ich hier etwas im Kasten habe.“ Da-
3127 652 3963 697 bei schlug er sich lächelnd gegen die
3126 702 3293 741 Stirne.
3167 740 3963 792 Sie sah ihm nachdenklich in die
3131 799 3284 837 Augen.
3167 836 3960 884 „Woran denkst du?“ fragte er fast
3128 892 3247 932 grob.
3168 931 3962 975 „Daß du mein liebster Andreas bist!“
3126 976 3965 1023 Sie ließ sich nicht wegdrängen. Sie
3129 1025 3961 1066 umschlang ihn und erweichte mit fe-
3124 1069 3962 1114 sten, wollenden Armen seinen plötz-
3127 1120 3411 1163 lichen Trotz.
3158 1173 3966 1218 Nachher saßen sie zusammen an
3126 1220 3965 1266 ihrem Empfänger und hörten Musik
3120 1266 3966 1311 und vernahmen auch die wundersame
3128 1312 3966 1360 Weise, die ihrer beider Lieblingsstück
3126 1361 3962 1405 war: das Schubertsche „Leise flehen
3130 1404 3964 1451 meine Lieder“. Nur die Instrumente
3126 1452 3965 1497 malten die berückende Melodie, die
3127 1498 3963 1545 sie beide in ein Gefühl von blütenhaf-
3128 1547 3962 1589 ter Zartheit und Zärtlichkeit verwob.
3128 1591 3964 1634 Ihre Hände herzten sich leise. Da
3127 1640 3964 1683 konnte Andreas in sein starkes, gutmü-
3127 1687 3962 1731 tiges Steinhauergesicht einen Zug fin-
3125 1731 3962 1774 sterer Rührung bekommen, der in Erna
3129 1775 3964 1822 einen ganzen Chor edelster Gelöbnisse
3130 1825 3960 1872 wachrief. Ihn überwältigt zu sehen,
3129 1870 3965 1914 machte sie glücklich und bang. War es
3132 1918 3961 1962 ein Besinnen, war es eine Ahnung, was
3130 1965 3962 2010 ihr die Seele in einem unsagbar liebe-
3128 2011 3770 2062 vollen Mitleid zusammenzog?
3169 2103 3963 2148 Solche Schauer wichen, ehe sie sich
3123 2152 3963 2194 recht zu erkennen gaben. Auch An-
3127 2198 3962 2242 dreas kannte sie. Aber sein Leben hatte
3124 2243 3966 2286 gerade jetzt Schwung, Ausbau und Ver-
3130 2288 3959 2332 heißung. Er hörte den Flügelschlag
3129 2335 3961 2379 einer mächtigen Zukunft. War sein Ge-
3129 2383 3959 2423 werbe nüchtern, sein Tagewerk ein
3131 2426 3964 2471 dürres Gerüst aus Zahlen und Hann-
3131 2474 3957 2516 tierungen? Nein, Begeisterung saß
3128 2521 3958 2563 überall im Grunde, blies erst dem Gan-
3124 2565 3956 2608 zen Feuer und Atem ein und erlosch
3125 2611 3960 2654 nie bis herab zum Bodensatz. Nur die
3127 2656 3960 2701 zum Gefühl verpflichteten Weltfremd-
3129 2705 3963 2746 linge, Dichter und Künstler, die durchs
3130 2750 3963 2791 Luftleere streifen, nur sie wähnen, es
3129 2797 3959 2839 gäbe nichts Schwingendes außer ihnen.
3131 2842 3964 2885 Aber auch der gedrückteste Handwer-
3127 2888 3959 2929 ker, der elendeste Krämer hascht dann
3126 2936 3958 2975 und wann einen Hauch der Allbegeiste-
3129 2979 3959 3023 rung, die unser Gestirn durchseelt und
3127 3025 3958 3069 die jedermanns Eigentum ist und jeden
3126 3071 3960 3115 einzelnen ganz inn der Stille zu be-
3125 3117 3448 3161 flammen weiß.
3164 3163 3957 3207 Es gab in jener Zeit in Wollin kaum
3127 3212 3958 3253 einen Menschen, der Andreas Manthey
3126 3257 3956 3298 des Geizes oder der platten Geldgier
3124 3300 3959 3344 bezichtigt hätte. Die einzige Ausnahme
3132 3349 3957 3391 war wohl der Maurermeister Barkow,
3128 3394 3964 3438 der als Konkurrenz und später als
4005 143 4837 195 Schöffe fungierend, an der Tragödie
4007 192 4841 242 einen gewissen Anteil hatte.) Sonst
4006 237 4836 287 aber sah man nicht ungern, wie sich
4005 285 4837 333 Manthey auf den Inseln ausbreitete.
4004 330 4838 378 Er war ein lebenbejahendes und vom
4004 374 4848 425 Leben bejahtes Beispiel dafür, wie weit
4007 422 4844 470 man es mit kühnem Verstand und
4003 474 4639 516 zäher Arbeit bringen könnte.
4043 511 4838 561 Er übernahm immer nur einen Teil
4006 561 4842 610 der Aufträge, die man ihm zugedacht
4008 609 4844 653 hatte. In der Auswahl zeigte er eine
4002 656 4846 699 besonders glückliche Hand. Er arbeitete
4009 700 4836 746 auch mit anderen Firmen zusammen,
4001 746 4847 793 und der vermied es, seine Mannschaft
4005 795 4839 837 allzu sehr zu vergrößern. Dafür lieh er
4003 838 4845 883 sieh Kräfte aus, die in anderen Ort-
4008 887 4839 927 schaften zu Hause waren, und er
4006 932 4841 975 brachte in dieses Verfahren eine kluge
4009 977 4369 1021 Gesetzmäßigkeit.
4050 1030 4844 1076 Er betrachtete sein ganzes Tun nur
4009 1081 4848 1123 als eine Art Vorbereitung auf Höheres
4007 1127 4845 1169 und Bedeutsameres. Natürlich würde er
4013 1175 4844 1214 es nie aufgeben, den Insulanern von
4011 1218 4842 1261 Wollin und Usedom und den angren-
4005 1264 4837 1307 zenden Pommern die schnittigsten und
4006 1312 4837 1355 beseeltesten Grabsteine zu liefern. Auch
4005 1359 4843 1398 in Zukunft würde er den Großversand
4010 1404 4842 1446 von Werksteinen durch seine Hände
4011 1452 4842 1491 gehen lassen als ein Mittler zwischen
4006 1497 4846 1538 denn Brüchen und Baugruben. Und
4014 1541 4844 1584 warum sollte er nicht seine Fähigkei-
4012 1589 4840 1627 ten, selber zu bauen und überraschende
4008 1633 4841 1675 Lösungen zu finden, künftig bewahren
4008 1679 4843 1722 und steigern? Aber das alles waren die
4010 1726 4843 1767 Wege und nicht die Ziele. Sein letztes
4007 1771 4846 1813 Planen, Grübeln und sachliches Träu-
4010 1818 4847 1861 men gehörte doch den Projekten, die
4007 1866 4842 1907 nicht mehr und nicht weniger vor-
4009 1908 4846 1951 hatten, als den Inseln einen Schimmer
3997 1957 4845 1999 eigenständiger industrieller Blüte zu
4012 2002 4230 2045 verleihen.
4044 2059 4843 2102 Auch jetzt sprach er nur mit Erna
4008 2107 4844 2149 gelegentlich darüber. Verstohlen führte
4003 2152 4843 2196 er seine Fahrten aus, und er warf
4008 2199 4843 2244 ihnen den Mantel eines Vorwandes
3999 2245 4130 2287 über.
4042 2301 4846 2349 Er studierte die Brandungskehle am
4006 2349 4849 2394 Swinhöft. Ein verboster Wind pfefferte
4007 2394 4846 2443 ihm die scharfkantigen Quarzkörner
4011 2442 4841 2485 gegen die Hornhaut des nackten Auges.
4011 2487 4848 2533 In einer unklaren Scheu vermied er es
4006 2533 4846 2579 seit einiger Zeit, sich eine Schutzbrille
4006 2580 4266 2620 aufzusetzen.
4038 2631 4840 2681 Eine große Kreidescholle war bloß-
4011 2683 4849 2728 gelegt. Andreas stand aufmerksam
4007 2730 4845 2776 neben dem jungen Geologen aus Stet-
4009 2776 4725 2819 tin, den er hatte kommen lassen.
4046 2831 4848 2879 „In diesem Schwefelkiesknollen hoffte
4002 2882 4841 2925 man Silber zu finden“, erklärte An-
4006 2927 4840 2975 dreas dem jungen Menschen, der sich
4004 2970 4760 3019 Material zur Analyse einsammelte.
4042 3025 4842 3080 Sie buddelten eine Zeitlang, und das
4005 3077 4846 3123 Salz des Küstenwindes mischte sich in
4004 3124 4849 3171 das Salz der nassen Stirnen. Heute ge-
4008 3171 4836 3219 lang es Andreas, Spuren der letzten
4002 3217 4841 3262 bersmännischen Ausbeutung zu ent-
4003 3264 4845 3308 decken. In einer Chronik hatte er ge-
3999 3310 4845 3357 lesen, daß man hier noch in der Mitte
4004 3356 4840 3404 des letzten Jahrhunderts gewerkt habe.
4267 3407 4842 3450 (Roman-Fortsetzung folgt.)
855 3492 1569 3551 Familienanzeigen
482 3596 1199 3640 Unsere Ehe wurde von Gott mit
519 3640 1199 3683 einem Töchterchen: Priska Ma-
523 3682 1198 3728 ris gesegnet. Dies zeigen wir in
518 3728 1199 3768 dankbarer Freude an: Helene
513 3770 1197 3810 Klein, geb. Schick (z. Z. There-
521 3811 1198 3851 sienkrankenhs.) u. Anton Klein,
516 3854 830 3896 Langstraße 41.
482 3905 1201 3950 Gottes Güte schenkte uns zu un-
511 3947 1199 3990 serem Martin einen gesunden,
514 3992 1198 4034 kräftigen Hans Eberhard Otto.
516 4035 1196 4074 In dankbar. Freude: Karl Platz,
511 4077 1197 4119 Pfarrer (z. Z. Wm.) und Frau
517 4119 1200 4160 Anna, geb. Feyerabend. - Sin-
522 4160 1197 4205 dolsheim, Krs. Buchen, 25. 3. 43.
478 4214 1196 4260 Wilfried. Froh und dankbar ge-
524 4261 1199 4301 ben wir die Geburt unseres er-
520 4300 1198 4343 sten Kindes bekannt: Paula
517 4341 1201 4389 Geiger, geb. Kühnle (z. Z. Diako-
513 4388 1196 4429 nissenhaus), Wilh. Fr. Geiger
519 4428 1196 4478 (Obgefr.) Mhm, Luisenring 17.
478 4498 1199 4542 Unser Manfred hat ein Schwester-
518 4540 1198 4580 chen bekommen. Isolde Edith.
519 4584 1197 4624 In dankbarer Freude: Maria
517 4625 1198 4668 Diehm, geb. Schellerer (z. Zt.
514 4668 1197 4711 Luisenheim), Karl Diehm (Ober-
521 4711 1197 4753 feldw., z. Zt. Wehrm.). Mann-
520 4755 1028 4798 heim, Uhlandstraße 12.
481 4806 1195 4853 Wir haben uns verlobt: Else
515 4851 1195 4892 Schmitt. Eiterbach/Odenw. -
519 4893 1193 4934 Heinrich Bauer (z. Z. Wehrm.).
514 4931 1194 4977 Mannheim (Untermühlaustraße
518 4978 1082 5020 Nr. 170), den 3 April 1943.
483 5028 1196 5073 Ihre Verlobung geben bekannt:
511 5072 1195 5114 Franziska Ofenloch - Gefr. Otto
513 5112 1196 5156 Wieber (z. Z. Wm.). - Waldhof
517 5160 908 5202 (Spiegelfabrik 12).
482 5211 1195 5254 Die nachträgl. vollzogene Trauung
522 5254 1200 5300 mit meinem auf dem Felde der
524 5298 1197 5340 Ehre gefallenen Verlobten Fritz
520 5339 1198 5384 Bopp zeige ich hiermit an. Frau
521 5384 1198 5427 Emma Bopp, geb. Dambach. -
521 5426 1199 5468 Mannheim (B 2, 10) u. Ludwigs-
519 5470 1198 5515 hafen a. Rh. (Brunkstraße 41).
484 5520 1196 5569 Ire Vermählung geben bekannt:
520 5566 1197 5609 Kurt Fraenk, Kontorist, z. Zt.
520 5611 1198 5654 Wehrmacht, Erna, geb. Elison.
521 5652 1198 5699 Mannheim (U 5. 24) 3. April 43.
1218 3595 1942 3638 Als Vermählte grüßen: Alfred Brä-
1254 3638 1939 3680 sel, Frau Erna geb. Volz. Köthen
1256 3681 1942 3723 (Anhalt) u. Mannheim, Schwet-
1257 3726 1623 3774 zinger Straße 91.
1219 3788 1942 3835 Ihre Vermählung beehren sich
1256 3835 1934 3877 anzuzeigen: Viktor Harant und
1254 3876 1938 3919 Frau Gertrud Harant, geb.
1256 3923 1942 3962 Thron. - Mannheim-Neckarau,
1253 3965 1933 4008 Wingertstr. 33. 3. 1943.
1218 4032 1937 4074 Ihre Vermählung geben bekannt:
1251 4073 1938 4115 Schiffszimmermann z. S. Her-
1252 4117 1938 4159 mann Jäger und Frau Maja Jä-
1246 4160 1938 4202 ger, geb. Hellmig. Mh.-Käfertal
1259 4203 1937 4244 (Mannh. Str. 34), 1. April 1943.
1221 4271 1937 4311 Ihre Vermählung geben bekannt:
1254 4315 1939 4356 Otto Claus, Steuerinspektor, u.
1256 4357 1944 4396 Frau Erna, geb. Sanner. Mann-
1255 4399 1946 4442 heim-Waldhof, Eisenstraße 1. -
1256 4444 1555 4493 3. April 1943.
1217 4502 1939 4545 Als Vermählte grüßen: Emil Herr-
1254 4550 1940 4589 mann (W. Uffz. b. d. Wehrm.) -
1253 4592 1939 4633 Marianne Herrmann, geb. Groh-
1247 4635 1944 4675 lich. Stuttgart-Fellbach, Mhm.-
1254 4675 1847 4715 Waldhof, den 3. April 1943.
1217 4742 1937 4783 Ihre Vermählung geben bekannt:
1254 4782 1937 4823 Artur Irion (San.-Uffz. in einem
1256 4823 1944 4865 Pi.-Batl. i. Ost., z. Z. i. e. Ge-
1253 4866 1941 4906 nes.-Komp.) - Erna Irion, geb.
1248 4907 1939 4947 Metz. Mannheim - Mhm.-Fried-
1252 4951 1876 4996 richsfeld (Neudorfstraße 23).
1219 5015 1938 5056 Ihre Vermählung geben bekannt:
1253 5057 1942 5097 Valentin Fick, Kapitän - Lina
1259 5101 1934 5139 Fick. geb. Gilles. Mannheim
1262 5143 1879 5181 (Böckstraße 6), 3. April 1943.
1220 5205 1939 5247 Ihre Vermählung geben bekannt:
1256 5248 1939 5287 Helmut Merkel (Uffz. in einem
1257 5290 1933 5330 Kampfgeschw., z. Z. im Felde)
1254 5332 1939 5370 und Frau Christel, geb. Loskill.
1251 5373 1942 5415 Mannheim — Koblenz -Lützel
1257 5415 1660 5455 (Wilhelmstraße 2).
1218 5480 1935 5523 Ihre Vermählung geben bekannt:
1254 5524 1936 5563 Walter Neumann (Feldw. der
1252 5565 1935 5606 Luftw.) - Herta Neumann, geb.
1255 5607 1933 5650 Holthaus. — Mhm.-Sandhofen,
1258 5650 1631 5692 den 3. April 1943.
626 5768 1177 5807 Auf ein frohes Wiedersehen hof-
627 5808 1171 5846 fend, erhielten wir tieferschüt-
622 5869 1177 5911 tert die für uns immer noch un-
516 5908 1170 5945 faßbare Nachricht, daß mein innigst-
516 5944 1170 5983 geliebter Mann, der liebevolle Vati un-
515 5981 1174 6021 serer Ingrid, mein einziger, hoffnungs-
517 6019 1168 6055 voller Sohn. Schwiegersohn, Schwager,
517 6057 792 6093 Onkel und Neffe
609 6099 1084 6146 Pg. Arthur Feuerstein
520 6150 1176 6193 Wachtm. u. Zugführer Ⅰ. ein. Flak-Abt.
519 6188 1175 6228 Inh. d. EK 2. Kl. u. and. Auszeichnung.
520 6233 1174 6273 im blühenden Alter von nicht ganz 33
520 6271 1177 6308 Jahren den Heldentod fand. Er wurde
519 6307 1170 6344 im Osten zur letzten Ruhe bestattet.
523 6342 1175 6386 Wir alle verlieren unendlich viel mit ihm
521 6389 1003 6430 Edingen, den 3. April 1943.
521 6427 1103 6465 Rathausstraße 7 - Hauptstraße 69.
559 6475 1102 6514 In tiefem, unsagbarem Schmerz.
561 6520 1172 6560 Emilie Feuerstein, geb. Schneider,
554 6555 1177 6595 und Kind Ingrid; Marie Feuerstein
557 6593 1173 6630 Witwe, Mutter; Karl und Johanna
558 6627 1143 6671 Schneider; Willi Schneider (Uffz.).
522 6688 1176 6730 Die Trauerfeier findet am Sonntag, den
524 6723 1176 6767 4. April 1943, nachm. 2.30 Uhr, im
525 6762 931 6801 Hause der NSDAP statt.
1361 5776 1914 5813 Unfaßbar und traf uns die
1363 5813 1909 5849 traurige Nachricht, daß mein
1360 5845 1909 5884 lieber Gatte, der treusorgende
1251 5884 1906 5921 Vater seines Kindes, unser lieb. Sohn,
1249 5918 1911 5955 Schwiegersohn, Bruder, Schwager und
1249 5959 1352 6000 Onkel
1372 5993 1779 6037 Simon Schwegler
1251 6043 1906 6081 Gefreiter in einem Grenadier-Regiment
1248 6091 1914 6128 im blühenden Alter von 35 Jahren im
1251 6129 1832 6165 Osten den Heldentod erlitten hat.
1252 6173 1912 6211 Mannheim (Mittelstraße 41), Kempten/
1249 6211 1721 6248 Allgäu, den 2. April 1943.
1286 6257 1578 6296 In tiefer Trauer:
1283 6304 1905 6340 Frau Anna Schwegler, geb. Wedel,
1285 6340 1913 6376 u. Kind Otmar; Fam. Franz Schweg-
1287 6375 1907 6413 ler und Angehörige (Kempten/Allg.);
1288 6410 1912 6445 Fam. Valentin Wedel; Fam. Karl
1292 6447 1912 6484 Wedel; Fam. Ludwig Wedel; Fam.
1288 6483 1911 6519 Otto Wedel; Fam. Alexander Wester-
1294 6518 1876 6557 mann; Heinrich und Lydia Wedel.
1288 6589 1914 6625 Auch wir betrauern den Verlust eines
1254 6624 1911 6661 treuen, bewährten Mitarbeiters und
1253 6660 1562 6698 lieben Kameraden
1325 6707 1910 6744 Betriebsführung und Gefolgschaft
1328 6741 1910 6783 der Brauerei Habereckl Mannheim
2094 3507 2643 3542 Der Herr über Leben und Tod
2093 3543 2643 3579 hat unseren über alles geliebten
2092 3578 2642 3620 Sohn, Bruder, Schwager, Enkel
1985 3616 2171 3651 und Vetter
2071 3657 2556 3702 Kriegsfreiwilliger, stud. ing.
2109 3707 2516 3756 Pg. Arnold Fischer
2076 3761 2547 3800 Obergefreiter, der Luftwaffe
1983 3809 2641 3845 im Alter von 22 Jahren zu sich ge-
1985 3845 2642 3880 nommen. Er starb an den Folgen sei-
1983 3881 2643 3916 ner Verwundung in einem Heimatlaza-
1984 3916 2641 3952 rett im unbedingten Glauben an
1985 3952 2356 3986 Deutschlands Zukunft.
1983 3995 2493 4034 Mannheim, den 3. April 1943.
1982 4033 2264 4069 Stolzestraße 4a.
2020 4083 2470 4123 In tiefer, stolzer Trauer:
2021 4131 2640 4167 Thomas Fischer u. Frau, geb. Ober-
2023 4168 2639 4204 meier; Marianne Stapf, geb. Fischer;
2023 4205 2643 4239 Robert Stapf (Luftwaffe) und alle
2022 4240 2338 4274 seine Verwandten.
1985 4297 2635 4333 Beerdigung: Montag, den 5. April 1943,
1981 4333 2644 4370 nachm. 3.30 Uhr auf dem Ehrenfriedhof
2098 4434 2643 4470 Auf ein baldiges Wiedersehen
2095 4470 2641 4503 hoffend, erhielt ich die traurige
2094 4504 2644 4540 Nachricht, daß mein innigstge-
1982 4538 2640 4575 liebter Mann, der treusorgende Vater
1985 4575 2641 4609 seines Kindes, unser braver Schwieger-
1982 4611 2341 4647 sohn und Pflegesohn
2169 4658 2459 4702 Erwin Letsch
2000 4710 2622 4747 Wachtmeister in einem SS-Pol.-Regt.
1985 4754 2643 4793 im blühenden Alter von 33 ½ Jahren
1982 4793 2641 4831 bei den schweren Kämpfen im Osten
1983 4829 2642 4864 am 2. Febr. 1943 den Heldentod fand.
1984 4864 2640 4899 Er folgte seinem im Weltkrieg gefalle-
1985 4901 2166 4938 nen Vater.
1983 4945 2503 4984 Mannheim, den 2. April 1943.
1983 4982 2275 5019 Uhlandstraße 28.
2020 5041 2382 5078 In unsagbarem Leid:
2023 5087 2646 5124 Friedel Letsch, geb. Bauer, mit
2022 5124 2640 5158 Tochter Iris; Fam. Paul Bauer; Fam.
2021 5160 2417 5200 Jos. Lang, Pflegeeltern.
2021 5254 2643 5290 Mit den Angehörigen betrauern auch
1984 5289 2640 5324 wir den Verlust eines überaus tüch-
1984 5324 2599 5361 tigen und treuen Arbeitskameraden.
2096 5369 2643 5406 Betriebsführer und Gefolgschaft
2106 5406 2640 5443 der Firma R. & J. Wenninger,
2100 5443 2455 5477 Graph. Kunstanstalt.
2096 5536 2436 5581 Unser lieber Junge
2157 5590 2481 5633 Walter Meller
1987 5642 2640 5680 Fahnenjunker-Unteroffizier b. d. Luſtw.
2063 5679 2575 5718 Scharführer in der Flieger-HJ
1987 5726 2643 5765 ist, 20 Jahre alt., am 5. März im
1990 5761 2532 5801 Osten für Deutschland gefallen.
1992 5816 2645 5854 Ilvesheim b. Manheim, 1. April 1943.
2024 5869 2355 5906 In tiefem Schmerz:
2023 5915 2644 5953 Anne Hartmann-Meller, geb. Laun,
2025 5952 2642 5988 und Dipl.-Ing. Dr. Kurt Hartmann;
2026 5988 2641 6022 Leo Meller (Oberltn. d. Luftw. z. Z.
2020 6022 2642 6058 i. Felde); Annelore Meller, BDM-Füh-
2021 6059 2645 6093 rerin (Molsheim i. Els.); Leonore
2022 6093 2351 6135 Meller, stud. med.
2019 6181 2637 6219 Heute früh 3.30 Uhr wurde uns un-
1983 6220 2643 6255 ser liebstes, einziges Kind und golde-
1983 6256 2642 6289 ner Sonnenschein, Enkelchen, Paten-
1987 6288 2309 6328 kind und Nichtchen
2102 6330 2520 6387 Elisabeth Schmidt
1985 6394 2642 6428 nach kurzer, schwerer Krankheit im
1987 6428 2639 6466 Alter von 12 Jahren 9 Mon. wieder
1988 6465 2155 6498 entrissen.
1985 6509 2501 6546 Mannheim, den 2. April 1943,
1987 6545 2257 6582 Werftstraße 21.
2024 6590 2313 6628 In tiefer Trauer:
2023 6632 2643 6671 Josef Schmidt u. Ehefrau Anna, geb.
2025 6671 2568 6708 Roll, sowie alle Anverwandten.
1986 6714 2637 6754 Beerdigung: Montag, 5. April, mittags
1983 6753 2561 6790 12 Uhr, Hauptfriedhof Mannheim.
2828 3489 3371 3528 Wir erhielten die traurige Nach-
2828 3530 3306 3567 richt, daß mein lieber Mann
2832 3575 3262 3623 Franz Schafhauser
2717 3623 3371 3664 Schütze in einem Grenadier-Regiment
2716 3673 3372 3712 im Alter von 34 jahren in einem Hei-
2718 3712 3188 3747 matlazarett verschieden ist.
2715 3759 3226 3795 Mannheim, den 2. April 1943.
2715 3795 3003 3830 Lameystraße 20.
2829 3837 3119 3877 In tiefer Trauer
2830 3888 3369 3925 Greta Schafhauser, geb. Bühler
2828 3924 3371 3963 nebst Eltern und Geschwistern.
2755 4011 3374 4050 Nach langem, mit großer Geduld er-
2717 4049 3369 4085 tragenem Leiden ist am 1. April 1943
2716 4086 3375 4119 im Alter von nahezu 69 Jahren unser
2716 4120 3374 4158 lieber, guter Vater, Großvater, Schwie-
2718 4155 3373 4192 gervater, Bruder, Schwager und Onkel
2909 4202 3180 4247 Jakob Benz
2900 4256 3192 4295 Schlossermeister
2716 4299 3227 4342 für immer von uns gegangen.
2719 4349 3299 4389 Mhm.-Rheinau, den 3. April 1943.
2714 4387 2936 4423 Distelsand 3.
2752 4434 3047 4470 In tiefer Trauer:
2756 4479 3370 4515 Käthe Iser; geb. Benz, und Kind;
2756 4518 3371 4551 Fritz Benz (z. Z. im Osten) u. Fam.;
2754 4553 3371 4587 Jakob Senz (z. Z. Wm.) und Fam.
2753 4589 3163 4625 und alle Anverwandten.
2717 4632 3373 4670 Die Beerdigung fndet am Samstagnach-
2716 4670 3372 4707 mittag 3.30 Uhr von der Leichenhalle
2718 4706 3032 4744 Rheinau aus statt.
2753 4800 3371 4837 Mit dem Verstorbenen ist ein alter,
2717 4836 3372 4871 lieber Arbeitskamerad von uns gegan-
2715 4871 3372 4906 gen, der über 46 Jahre, zuletzt als
2717 4907 3371 4941 Schlossermeister, unserem Werke treue
2719 4943 3079 4977 Dienste geleistet hat.
2749 4985 3374 5023 Betriebsführung u. Gefolgschaft der
2755 5022 3368 5065 Th. Goldschmidt AG., Mhm.-Rheinau
2755 5124 3373 5160 Der Herr über Leben und Tod hat
2717 5159 3374 5195 am Donnerstagabend unseren gelieb-
2716 5193 3371 5232 tne und treubesorgten Vater Groß-
2717 5233 2814 5268 vater
2836 5261 3247 5312 Hermann Kollmar
2920 5315 3162 5356 Mühlebesitzer
2717 5363 3372 5402 nach kurzer Krankheit im Alter von
2719 5403 3371 5439 nahezu 75 Jahren zu sich in die Ewig-
2717 5438 2981 5475 keit abgerufen.
2718 5482 3239 5523 Altlußheim, den 1. April 1943.
2756 5530 3041 5570 In tiefer Trauer:
2753 5575 3369 5614 Fam. Eugen Kollmar (Altlußheim);
2753 5613 3371 5648 Fam. Otto Kollmar (Stuttgart); Fam.
2752 5649 3371 5683 Albert Kollmar (Mannheim); Fam.
2755 5684 3260 5727 Pfarrer Schäfer (Siegelsbach).
2718 5735 3372 5772 Die Beerdigung findet am Sonntag, den
2718 5772 3373 5808 4. April, nachm. um 3 Uhr vom Trauer-
2720 5809 2999 5846 hause aus statt.
2751 5894 3373 5930 Allen Verwandten und Bekannten
2717 5931 3370 5968 die traurige Nachricht, daß mein lie-
2717 5967 3375 6003 ber, herzensguter Mann, Vater, Schwie-
2717 6002 3369 6041 gervater, Großvater, Bruder, Schwager
2716 6038 3000 6078 und Onkel, Herr
2861 6085 3227 6132 Friedrich Müller
2970 6133 3118 6171 Rentner
2716 6179 3369 6216 am Donnerstagabend nach langem, mit
2720 6215 3372 6250 großer Geduld ertragenem Leiden im
2718 6251 3369 6285 Alter von nahezu 72 Jahren sanft ent-
2716 6286 2929 6326 schlafen ist.
2716 6331 3233 6368 Mannheim, den 3. April 1943.
2713 6368 3040 6403 Kleinfeldstraße 16.
2753 6410 3043 6451 In tiefer Trauer:
2747 6456 3370 6490 Frau Christina Müller; Aug. Blesch
2749 6491 3366 6526 und Frau Lina, Müller; Fam.
2748 6527 3365 6563 Johann Müller; Fam. Christ. Jakob
2748 6562 3367 6597 u. Frau Karoline, geb. Müller; Mina
2750 6598 3367 6634 Mayer Wwe., geb. Müller (USA);
2753 6633 3370 6670 Heinz Blesch, Enkel, und alle Ver-
2752 6672 2929 6706 wandten.
2717 6715 3368 6753 Beerdigung: Montagnachm. 14.30 Uhr
2716 6751 3140 6791 Hauptfriedhof Mannheim.
3483 3498 4102 3535 Nach kurzer Krankheit ist heute un-
3447 3535 4101 3572 ser lieber, unvergeßlicher Vater, Groß-
3445 3571 3880 3608 vater und Schwiegervater
3610 3615 3938 3666 Alois Wolpert
3546 3669 4014 3709 Hauptlehrer im Ruhestand
3446 3716 4098 3754 im 83. Lebensjahr in Gott verschieden.
3446 3761 4101 3807 Edingen, Bad Kissingen, 1. April 1943.
3482 3811 3771 3848 In tiefer Trauer:
3484 3855 4106 3898 Bürgermeister Dr. Adalbert Wolpert
3486 3897 4100 3933 (als Hauptm. i. F.) und Frau Hilde,
3480 3929 4105 3968 geb. Eyrich; Fritz Kunzmann, Haupt-
3484 3966 4105 4005 lehrer, und Frau Ella, geb. Wolpert;
3485 4001 4101 4038 Horst Kunzmann, Oberleutn., und
3486 4038 4099 4074 Adalbert Kunzmann (z. Z. Wehrm.);
3485 4075 4098 4111 Erwald, Hilde und Traudl Wolpert.
3446 4129 4103 4166 Die Beerdigung findet am Sonntag, den
3445 4163 4042 4203 4. April, 16 Uhr, in Edingen statt.
3486 4258 4103 4294 Gott der Allmächtige hat seine treue
3445 4292 3695 4328 Dienerin, Frau
3573 4345 3977 4392 Magdalena Rode
3445 4405 4102 4443 wohlvorbereitet, in die ewige Heimat
3445 4441 3624 4479 abgerufen.
3445 4497 3968 4541 Mhm.-Waldhof (Speckweg 66).
3854 4550 4101 4601 Der Vormund.
3446 4620 4101 4661 Beerdigung findet in Käfertal Samstag,
3444 4662 4100 4695 3. April, um 14 Uhr statt. Seelenamt:
3443 4695 4104 4731 Montag, 5. April, vorm. 7 Uhr, St.-
3444 4729 3902 4770 Franziskus-Kirche Waldhof.
3486 4819 4107 4855 Allen, die uns beim Heimgange mei-
3444 4855 4103 4890 nes lieben Mannes, unseres guten Va-
3445 4891 4104 4925 ters, Bruders, Schwagers und Groß-
3446 4928 4102 4962 vaters, Herrn Karl Kipphan, ihre Teil-
3446 4963 4099 4999 nahme bekundeten, sprechen wir auf
3446 4994 4104 5032 diesem Wege unseren herzlichst. Dank
3445 5033 4101 5067 aus. Besonderen Dank für die Kranz-
3446 5069 4102 5103 und Blumenspenden und Herrn Stadt-
3445 5104 4102 5139 pfarrer Scharf für seine trostreichen
3448 5141 3565 5175 Worte.
3443 5181 3968 5222 Mannheim den 1. April 1943.
3445 5220 3731 5259 Bellenstraße 52.
3447 5274 4102 5310 Im Namen d. trauernd. Hinterblieben.:
3596 5317 3956 5359 Frau Anna Kipphan.
3487 5402 4100 5436 Für die herzliche Anteilnahme sowie
3446 5439 4104 5474 Kranz- und Blumenspenden beim Heim-
3445 5474 4100 5511 gang meines innigstgeliebten, unver-
3443 5509 4099 5545 geßlichen Mannes und herzensguten
3444 5544 4104 5581 Vaters, Walter Barthelmä, spreche ich
3445 5579 4103 5614 allen Verwandten und Bekannten so-
3447 5615 4102 5651 wie der Fa. Hart & Hertel, Schwetzin-
3445 5651 4044 5690 gen, meinen herzlichsten Dank aus.
3446 5694 4100 5733 Schwetzingen (Nadlerstr. 3). Neckarau,
3446 5733 3770 5770 den 2. April 1943.
3479 5774 4104 5817 Im Namen d. tauernd. Hinterblieb.:
3482 5826 4104 5863 Hilde Bartheims, geb. Schandin, mit
3483 5863 3730 5903 Kind Joachim.
3488 5954 4105 5992 Für die uns anläßlich des Ablebens
3448 5993 4101 6027 unserer lieben Mutter, Großmutter,
3444 6027 4105 6062 Schwiegermuter und Tante, Frau Marie
3448 6063 4101 6099 Eisenhauer, geb. Heinz, erwiesene An-
3444 6099 4102 6133 teilnahme sowie für die zahlreichen
3445 6135 4105 6171 Kranz- und Blumenspenden sagen wir
3447 6169 4104 6206 allen hiermit unseren herzlichst. Dank
3447 6211 3951 6252 Mannheim (Kirchenstraße 18).
3587 6257 4098 6300 Die trauernd Hinterbliebenen.
3482 6360 4099 6400 Für die aufrichtige Anteilnahme so-
3443 6399 4099 6436 wie für die Kranz- und Blumenspen-
3442 6434 4095 6470 den beim Heimgang unserer lieb. Mut-
3442 6469 4094 6505 ter, Schwiegermutter, Großmutter,
3443 6504 4099 6540 Schwester, Schwägerin u. Tante, Frau
3443 6540 4096 6576 Maria Huser Wwe., sagen wir hiermit
3443 6577 3875 6612 unseren herzlichen Dank.
3443 6619 4098 6660 Mannheim (K 4, 15), den 3. April 1943
3482 6667 4095 6708 Wilhelm Huser (z. Z. Wm.) u. Frau;
3480 6706 4094 6745 Fam. Walter Lenhardt und alle An-
3473 6743 3688 6777 verwandten.
4219 3502 4837 3541 Die Beerdigung des Herrn Martin
4178 3537 4838 3576 Neidig, Straßenbahnschaffner, findet am
4179 3578 4839 3614 3. 4. 43, um 14 Uhr vom Hauptfried-
4182 3608 4621 3651 hof Mannheim aus statt.
4209 3692 4838 3735 Allen Verwandten, Freunden u. Be-
4177 3733 4837 3770 kannten, die in herzlichem Mitgefühl
4178 3769 4840 3805 schriftlich, mündlich od. durch Kranz-
4179 3806 4838 3841 und Blumenspenden Anteil nahmen an
4177 3840 4839 3877 dem herben Verlust meines lieb. Man-
4176 3877 4838 3913 nes, Vaters und Opas, und all denen,
4178 3912 4833 3949 die ihm die letzte Ehre erwiesen ha-
4175 3947 4558 3983 ben. herzlichen Dank.
4177 3994 4771 4030 Mhm.-Käfertal, den 2. April 1943.
4179 4029 4480 4068 Sonnenschein 17.
4216 4080 4484 4121 In tiefem Leid:
4216 4127 4838 4165 Frau Anna Kochenburger; Frau Anna
4216 4165 4837 4202 Hafner, geb. Kochenburger, und
4219 4201 4424 4239 Kind Liane.
4215 4283 4839 4325 Für die vielen Beweise aufrichtiger
4176 4325 4834 4360 Teilnahme bei dem Ableben meiner ge-
4177 4361 4839 4394 liebten Frau und Mutter ihrer beiden
4178 4395 4841 4432 Kinder, Frau Karolina Stather, geb.
4179 4433 4838 4466 Walter, sowie für die zahlreichen
4175 4468 4836 4503 Kranz- und Blumenspenden sagen wir
4178 4503 4751 4536 allen unseren herzlichsten Dank.
4179 4554 4735 4594 Mannheim (Karl-Mathy-Straße 7).
4286 4601 4589 4641 In tiefer Trauer:
4293 4646 4835 4687 Jakob Stather und Angehörige.
4217 4731 4837 4772 Für die vielen Beweise überaus herz-
4176 4773 4833 4808 licher und wohltuender Anteilnahme
4177 4809 4836 4842 anläßlich des Heldentodes unseres lie-
4177 4842 4838 4879 ben und unvergeßlichen Sohnes, Heini
4175 4880 4835 4915 Stutz, Obergefr. bei ein. Feldlazarett,
4176 4915 4834 4950 sagen wir auf diesem Wege unseren
4176 4951 4835 4985 herzl. Dank. Insbesondere danken wir
4176 4986 4837 5021 Herrn Fritz Haag u. seiner Frau Frie-
4177 5021 4836 5054 del und Herrn Dr. Eichborn, die uns
4177 5057 4837 5090 in unseren schwersten Stunden in auf-
4176 5091 4802 5128 opfernder Weise beigestanden sind.
4176 5143 4646 5181 Mannheim (Langstraße 36).
4274 5189 4672 5231 In tiefstem Herzeleid;
4272 5234 4832 5277 Paul Stutz und Frau Elisabetha,
4274 5273 4492 5311 geb. Geiger.
4220 5365 4834 5404 Für die wohltuenden und überaus
4179 5402 4834 5439 zahlreichen Beweise innigster Anteil-
4178 5438 4834 5474 nahme an dem schweren Verlust durch
4176 5473 4834 5509 den Heldentod meines lieben, unver-
4178 5507 4834 5548 geßlichen Sohnes, Bruders, Schwieger-
4176 5544 4832 5582 sohnes, Schwagers und Onkels, Fritz
4179 5579 4832 5618 Kühnle, Feldw. u. Zugführ. in einem
4176 5613 4831 5651 Gren.-Regt., sprechen wir auf diesem
4176 5651 4830 5688 Wege unseren herzlichsten Dank aus.
4181 5701 4830 5742 Mhm.-Käfertal (Kornblumenstraße 4).
4216 5754 4828 5795 Im Namen all. trauernd Hinterblieb.:
4215 5792 4545 5829 In tiefem Schmerz:
4215 5838 4833 5881 Frau Margot Kühnle, geb. Gutperle.
4216 5933 4834 5972 Allen, welche unserem lieben Ver-
4179 5970 4833 6008 storbenen, Theodor Gilliar, das Ehren-
4177 6006 4833 6044 geleit gaben sowie für die zahlreichen
4176 6042 4834 6081 Kranz- und Blumenspenden sagen wir
4173 6077 4459 6116 herzlichen Dank.
4176 6120 4523 6162 Mannheim (H 4, 25).
4176 6171 4826 6211 Im Namen d. trauernd. Hinterblieben.:
4405 6216 4601 6256 Ida Gilliar.
4214 6313 4830 6354 Für die vielen schriftlichen u. münd-
4176 6350 4829 6389 lichen Beweise herzlicher Anteilnahme
4177 6388 4828 6425 und das tiefe Mitempfinden an dem
4176 6424 4828 6461 schweren Verlust unseres lieben Soh-
4174 6460 4825 6498 nes, Bruders, Schwagers und Onkels,
4175 6493 4825 6533 Georg Würth, Gefr. in ein. Gren.-Regt.,
4173 6531 4829 6568 sprechen wir auf diesem Wege allen
4172 6566 4667 6603 unseren innigsten Dank aus.
4172 6607 4752 6653 Mhm.-Waldhof, den 2. April 1943.
4174 6647 4598 6686 Am Herrschaftswald 127.
4209 6689 4498 6734 In tiefer Trauer:
4172 6736 4827 6784 Fam. Georg Würth u. alle Angehörigen
