5171 7352
487 207 4860 636 HAKENKREUZBANNER
474 694 2195 756 Verlag und Schriftleitung: Mannheim, R 3, 14/15. Fernruf-Sammel-Nr. Mannheim 354 21
476 734 2195 794 Berliner Schriftleitung: Berlin W 30, Nollendorfplatz 6. Fernruf 271 976. Erscheinungsweise: 7 mal
470 777 2193 836 wöchentlich als Morgenzeitung. Hauptverbreitungsgebiet: Groß-Mannheim und Nordbaden
3103 652 4837 719 Bezugspreis: Frei Haus 2. — RM einschließl. Trägerlohn; bei Postbezug 1.70 RM (einschließl. 21 Rpf.
3112 695 4838 759 Postzeitungsgebühren) zuzüglich 42 Rpf. Bestellgeld. - Anzeigenpreise laut jeweils gültiger
3112 736 4837 801 Anzeigenpreisliste; zur Zeit ist Liste Nr. 13 gültig. - Zahlungs- und Erfüllungsort: Mannheim
489 865 2421 934 HAUPTAUSGABE MANNHEIM ‧ 13. JAHRGANG ‧ NUMMER 92
2906 823 4844 901 FREITAG, 2. APRIL 1943 ‧ EINZELVERKAUFSPREIS 10 RFF.
762 1067 2780 1239 Italiens totale Mobilisierung
539 1240 3007 1336 „Militarisierung“ des ganzen Volkes / Straffung der Arbeits- und Preisdisziplin
494 1405 1302 1492 Gegen schwarzen Markt
499 1503 1292 1555 (Von unserer Berliner Schriftleitung)
865 1558 1307 1610 Pr. Berlin, 1. April.
520 1633 1310 1679 Das im amtlichen Gesetzblatt unter
478 1676 1310 1726 Bezugnahme auf das Gesetz vom 8. Juli
478 1723 1313 1772 1938 über die allgemeine oder teil-
478 1770 1312 1817 weise Mobilmachung veröffentlichte
473 1814 1312 1863 neue italienische Gesetz vom 30. März
475 1863 1305 1907 1943 über die „Militarisierung“
475 1911 1310 1955 der gesamten Bevölkerung
473 1954 1310 2003 mit Ausnahme der Frauen und der
476 2000 1313 2047 Jugendlichen unter 17 Jahren, verleiht
479 2047 1312 2095 den drei Wehrmachtsministerien, so-
474 2092 1313 2141 wie - für die Angehörigen von kriegs-
475 2139 1309 2188 wichtigen Betrieben - dem Minister
472 2184 1312 2234 für Kriegsproduktion das Recht, alle
473 2235 1306 2282 Staatsbeamten sowie alle Personen,
478 2278 1312 2327 die nicht unter den Waffen stehen,
467 2325 1310 2373 jedoch in irgendeiner Form für die
475 2370 1309 2419 nationale Verteidigung oder die Krieg-
474 2417 1309 2465 führung eingesetzt sind, unter Militär-
471 2463 1311 2513 gerichtsbarkeit zu stellen. Alle Staats-
477 2509 1309 2556 beamten und Angestellten des Staa-
472 2554 1308 2604 tes und der öffentlichen Betriebe, die
472 2599 1311 2654 Angehörigen der industriellen Betriebe
472 2646 1315 2697 und, sofern es notwendig wird, alle
472 2693 1309 2742 anderen Staatsbürger können also dem
475 2737 1312 2789 Militärstrafrecht und der Militär-
464 2783 1309 2838 gerichtsbarkeit sowie den Disziplinar-
475 2831 1308 2880 vorschriften unterstellt werden, die
476 2878 1267 2929 für die Wehrmacht in Geltung sind.
509 2932 1307 2985 Für die bei Truppenverbänden
473 2980 1309 3033 diensttuenden Personen ist, so führt
470 3027 1309 3079 Stefani erläuternd aus, Uniform
469 3073 1309 3124 vorgesehen, während für die übrigen
464 3119 1312 3172 militarisierten Personen ein besonde-
468 3164 1316 3217 res nach den Angaben des zuständi-
470 3211 1310 3265 gen Ministeriums zu schaffendes Ab-
467 3257 1307 3310 zeichen in Aussicht genommen ist.
473 3302 1309 3356 Besonders hervorzuheben sei, heißt es
469 3351 1309 3404 weiter, daß der Dienst der in der
469 3394 1309 3450 Kriegsindustrie tätigen Personen, die
465 3441 1311 3497 auf Veranlassung des Ministers für
469 3488 1309 3543 die Kriegsproduktion militarisiert
468 3536 1308 3588 werden, dem Heeresdienst gleichge-
466 3580 1306 3635 stellt wäre. Die Militarisierung be-
468 3626 1310 3679 deutet dahre, so schließt Stefani, eine
471 3672 1313 3727 Anerkennung des Opfers und der Be-
473 3719 1311 3771 deutung der Aufgabe, die die in der
472 3766 1310 3818 Kriegsindustrie beschäftigten Beleg-
472 3813 1313 3864 schaften erfüllen, die auf diese Weise
473 3853 1310 3912 der kämpfenden Truppe gleichgestellt
470 3918 651 3961 werden.
512 3961 1311 4015 Die Straffung nicht nur der Arbeits-
470 4009 1308 4063 disziplin sondern des ganzen Daseins
470 4057 1310 4107 der für die Verteidigung des Vater-
467 4102 1311 4154 landes werktätigen Menschen findet
471 4149 1307 4200 ihre Ergänzung in der Verschärfung
471 4198 1308 4249 jener Maßnahmen, die schon vor eini-
471 4244 1307 4294 gen Wochen getroffen wurden, um
469 4287 1311 4342 durch eine unnachsichtige Disziplinie-
464 4335 1309 4388 rung des Marktes Unregelmäßigkeiten
466 4382 1311 4435 und Unzulänglichkeiten in der Versor-
470 4426 1309 4482 gung der Zivilbevölkerung nach Kräf-
471 4473 1309 4526 ten unmöglich zu machen. Im Zuge
473 4518 1314 4574 dieser Aktion sandte der Duce an die
472 4564 1316 4618 Präfekten und Hoheitsträger der Fa-
476 4612 1314 4664 schistischen Partei ein Telegramm, um
474 4660 1313 4711 sie auf die besondere Bedeutung der
473 4705 1314 4759 in der letzten Tagung des interministe-
1360 1397 2202 1441 riellen Ausschusses beschlossenen Maß-
1360 1443 2196 1488 nahmen zur Verschärfung der Bewirt-
1360 1490 2201 1534 schaftung und Preiskontrolle aufmerk-
1365 1537 2199 1580 sam zu machen. Der erst kürzlich zum
1362 1583 2195 1625 Unterstaatssekretär im Innenministe-
1364 1628 2196 1674 rium ernannte langjährige Präfekt von
1364 1676 2195 1720 Neapel, Albini, der seine Berufung
1364 1723 2195 1767 nicht zuletzt der Energie seiner Ver-
1360 1771 2197 1813 waltungsführung verdankt, wird die
1363 1817 2199 1859 Durchführungsbestimmung dieser Maß-
1358 1863 2198 1907 nahmen demnächst mit den Präfekten
1365 1912 2201 1953 der einzelnen Provinzen, die zu diesem
1365 1957 2197 2001 Zweck eigens nach Rom kommen wer-
1361 2004 2199 2047 den, ausführlich besprechen und fest-
1362 2050 2199 2094 legen. Inzwischen ist bereits, wie ver-
1362 2096 2202 2140 lautet, in einer Ortschaft der Abruz-
1359 2142 2201 2187 zen ein Konzentrationslager für alle
1359 2191 2194 2234 diejenigen eingerichtet worden, die in
1361 2237 2195 2279 Zukunft Zuwiderhandlungen gegen die
1358 2285 2202 2329 Rationierungs- und Preisstopgesetze
2240 1382 3076 1431 begehen. Besonders schwere Vergehen
2239 1429 3075 1478 auf diesem Gebiete werden nach wie
2239 1476 3075 1525 vor vom Sondergericht zur Verteidi-
2239 1523 3074 1571 gung des Staates abgeurteilt werden,
2239 1571 3073 1618 und können bekanntlich auch mit dem
2238 1621 2718 1665 Tode bestraft werden.
2285 1662 3075 1710 Hierzu erklärt „Messaggero“, daß in
2244 1709 3077 1758 Zusammenhang mit den verschärften
2238 1755 3080 1803 Staatsmaßnahmen eine weitgehendere
2243 1802 3075 1850 Bekanntmachung der Preise für Le-
2244 1847 3075 1899 bensmittel auch z. B. mit Hilfe der
2239 1893 3076 1946 Tageszeitungen erfolgen wird. Wer
2243 1942 3078 1990 diese Preise überschreitet, wird nicht
2242 1987 3081 2038 nur als Wucherer ins Konzentrations-
2240 2034 3078 2085 lager geschickt, sondern es wird auch
2243 2080 3079 2131 sein Geschäft geschlossen. Auch Gast-
2241 2127 3080 2179 wirtschaften werden strenger als bis-
2240 2175 3083 2224 her überwacht werden. Es sei nicht
2242 2222 3072 2271 nötig, erklärt „Messaggero“ weiter, diese
2245 2274 2912 2319 Maßnahmen zu rechtfertigen.
1463 2378 2969 2477 Allzu durchsichtiges Interesse Englands
1564 2481 2871 2540 Unritterliche Kampfesweise der britischen Propaganda
1414 2559 2146 2610 (Von unserem Korrespondenten)
1716 2617 2200 2665 v. U., Zürich, 1. April.
1392 2674 2205 2725 Aus englischen Quellen läßt sich er-
1355 2721 2198 2769 neut die Bestätigung dafür finden, daß
1357 2770 2201 2817 die britische Kriegführung bemüht
1356 2815 2200 2864 bleibt, dem italienischen Gegner eine
1356 2866 2199 2912 „Sonderbehandlung“ zuteil werden zu
1355 2912 2195 2958 lassen. Alles energische Abwinken von
1360 2956 2196 3002 seiten Italiens und alle auch von den
1355 3002 2201 3050 Engländern anerkannten militärischen
1358 3047 2199 3096 Leistungen italienischer Verbände in
1361 3095 2201 3143 Afrika haben nicht ändern können, daß
1358 3143 2199 3193 Spaltungsversuche zwischen den Schul-
1355 3191 2199 3238 ter an Schulter kämpfenden deutschen
1348 3235 2200 3286 und italienischen Soldaten trotz aus-
1352 3281 2198 3332 bleibender Erfolge immer wieder un-
1353 3327 2204 3376 ternommen werden. Jetzt hat die RAF
1356 3372 2199 3425 über den in harten Abwehrkämpfen in
1355 3422 2199 3471 Tunesien stehenden italienischen Ver-
1355 3465 2207 3518 bänden sogenannte „Freipässe“ abge-
1358 3515 2205 3565 worfen, deren Vorweisen nach voraus-
1359 3559 2202 3614 gegangener Kapitulation das Anrecht
1357 3606 2200 3658 auf eine Vorzugsstellung in der Kriegs-
1355 3653 2110 3708 gefangenschaft garantieren soll. (!)
1399 3709 2200 3760 Daß solche „Kampfesweise“ unritter-
1355 3755 2204 3807 lich, weil beleidigend, bedarf keiner
1354 3801 2196 3855 besonderen Feststellung. Sie ist aber
1355 3850 2200 3900 auch vom Standpunkt des Feindes aus
1354 3893 2198 3944 unklug, weil der Italiener mit nichts
1359 3941 2197 3990 tiefer getroffen werden kann, als mit
1356 3986 2198 4036 dem ausgesprochenen Verdacht oder
1359 4032 2199 4083 der Bestätigung mangelnder soldati-
1356 4078 2201 4129 scher Tugend. Nun ist aber auch der
1358 4126 2197 4175 Zeitpunkt schlecht gewählt: Ganz Ita-
1351 4171 2198 4223 lien hallt wider vom Bekenntnis des
1356 4221 2199 4268 Volkes, möglichen Prüfungen gegen-
1356 4266 2198 4316 über stark zu bleiben und alles vorzu-
1357 4309 2197 4360 kehren und von der Heimat fernzuhal-
1357 4355 2199 4407 ten. Selbstverständlich weiß auch jeder
1356 4404 2197 4452 einzelne italienische Kämpfer in Tune-
1357 4448 2197 4499 sien, daß sein Widerstandswille viel
1356 4495 2196 4545 dazu beitragen kann, die Pläne des
1365 4539 2194 4591 Gegners, die kein Geheimnis mehr
1356 4592 2104 4636 sind, zuschanden werden zu lassen.
1393 4644 2197 4695 Das gegenwärtige, allzu durchsich-
1356 4691 2195 4744 tige Interesse an Italien fndet auch in
2239 2548 3089 2598 der Londoner „Times“ seinen Nieder-
2246 2593 3082 2640 schlag. Es hat den Anschein, als be-
2245 2640 3082 2686 mühe man sich in England, die faschi-
2246 2687 3084 2735 stische Staats- und Kriegsführung aus
2247 2731 3084 2780 ihrer traditionellen Wortkargheit zu
2244 2778 3079 2827 locken, wobei besonders die britische
2244 2821 3084 2874 Sorge vor möglichen Aktionen der ita-
2247 2869 3080 2917 lienischen Flotte in die Augen springt.
2243 2917 3079 2962 Italiens Lage, meint die „Times“ ohne
2243 2962 3074 3011 eine Spur von Logik, gleiche heute je-
2245 3006 3079 3055 ner Englands nach Dünkirchen, und
2246 3056 3080 3101 „angesichts der vielen Gerüchte um
2242 3100 3080 3147 seine Flotte“ dränge sich die Frage
2241 3144 3082 3192 auf, ob deren ganzes Gewicht jetzt in
2241 3191 3080 3239 die Waagschale geworfen werden soll.
2323 3295 2997 3354 Die Sieger von Charkow
2424 3359 2889 3413 bei Dr. Goebbels
2447 3429 3076 3484 Berlin, 1. April. (HB-Funk.)
2283 3502 3077 3552 Reichsminister Dr. Goebbels emp-
2239 3550 3078 3600 fing am Donnerstag eine Abordnung
2242 3599 3078 3650 der SS-Panzergrenadier-Divisionen
2239 3642 3082 3692 Leibstandarte „Adolf Hitler“, „Reich“
2243 3689 3076 3735 und „Totenkopf“, die sich bei den
2241 3735 3078 3782 Kämpfen im Raum von Charkow und
2244 3783 3082 3830 bei der Wiedereroberung von Char-
2241 3830 3079 3874 kow besonders ausgezeichnet haben.
2243 3877 3078 3924 Der Chef des SS-Führungshauptamtes,
2250 3924 3076 3973 SS-Gruppenführer und Generalleut-
2242 3968 3078 4016 nant der Waffen-SS Jüttner, auf
2242 4018 3078 4060 dessen Einladung die Abordnung zur
2243 4059 3082 4107 Zeit in Berlin weilt, meldete dem Mi-
2240 4106 3079 4156 nister fünf SS-Führer, unter ihnen den
2242 4152 3083 4201 Eichenlaubträger SS-Sturmbannführer
2242 4197 3078 4244 Meyer, die Ritterkreuzträger SS-
2242 4244 3079 4290 Sturmbannführer Kraab und SS-
2248 4294 3081 4337 Sturmbannführer Wünsche, sowie
2236 4340 2900 4384 elf Unterführer und Männer.
2276 4407 3079 4453 Dr. Goebbels ließ sich ausführlich
2239 4456 3078 4499 über den Ablauf der Kämpfe sowie
2239 4499 3077 4543 über die Kampferlebnisse und Er-
2240 4547 3082 4593 fahrungen berichten, die die Männer
2237 4592 3080 4639 gesammelt haben, und verbrachte mit
2241 4638 3079 4683 ihnen eine Stunde in anregendem Ge-
2238 4689 2397 4733 spräch.
680 4821 2867 4943 Eindrucksvolle U-Boot-Bilanz von 1941 bis 1943
677 4930 2858 5009 USA-Marineminister Knox: USA-Kriegsflotte hat die englische bereits überflügelt
496 5027 1287 5085 (Von unserer Berliner Schriftleitung)
842 5078 1302 5122 G. S. Berlin, 1. April.
507 5126 1304 5176 „Weder in öffentlicher noch in ge-
469 5169 1307 5222 heimer Sitzung kann ich die gewünsch-
473 5219 1311 5270 ten Einzelheiten über die Tätigkeit der
471 5265 1308 5314 deutschen U-Boote bekanntgeben. Mehr
471 5312 1305 5362 als je brauche ich das Vertrauen des
467 5356 1304 5408 Hauses.“ Diese Erklärung gab Winston
473 5404 1306 5454 Churchill am Donnerstag im Unterhaus
473 5448 1307 5500 ab. Es ist sein Kommentar zum Re-
473 5495 1303 5546 kord-März unserer U-Boote. Zu den
472 5542 1309 5592 926 000 BRT, die allein deutsche U-
470 5591 1303 5641 Boote und Flugzeuge vernichtet haben,
470 5637 1304 5687 kommen noch erhebliche italienische
470 5683 1307 5732 und japanische Erfolge hinzu. Die Serie
473 5730 1304 5777 der Sondermeldungen aus Berlin hat
469 5776 1304 5824 mehr als eines der Unterhausmitglieder
470 5825 1306 5873 nervös gemacht. Sie bedrängten am
471 5866 1305 5917 Donnerstag den Ministerpräsidenten,
468 5916 1301 5964 ihnen einige Informationen über den
469 5962 1308 6012 Fortschritt des Anti-U-Bootkrieges mit-
473 6005 1308 6056 zuteilen. Churchill versuchte zunächst
472 6056 1306 6104 sich durch Schweigen aus der Klemme
469 6103 1304 6150 zu ziehen. Daraufhin wurde er gefragt,
472 6150 1301 6198 ob das Unterhaus damit rechnen könne,
473 6193 1303 6242 in Kürze über den Fortgang der At-
476 6241 1306 6290 lantikschlacht unterrichtet zu werden.
472 6289 1305 6337 Churchill, der immer noch schwieg,
478 6334 1308 6380 wurde immer mehr von den Abgeord-
470 6381 1307 6429 neten bedrängt, bis er schließlich das
469 6426 1303 6472 Unterhaus bitten mußte, ihm mehr
469 6477 980 6520 Vertrauen zu schenken.
510 6520 1294 6564 Er wird dieses Vertrauen in den
471 6567 1304 6612 nächsten Monaten nötiger denn je
467 6612 1303 6660 haben, denn nun wird es von Tag zu
469 6660 1301 6706 Tag jedem Engländer offenkundiger,
471 6706 1304 6751 daß die Quelle der Macht und des
469 6752 1296 6800 Reichtums des britischen Weltreichs,
475 6800 1303 6847 die Flotte, unter den U-Boot-Schlägen
470 6843 1304 6892 immer mehr zusammenschrumpft, wäh-
474 6893 1305 6939 rend auf der anderen Seite der Be-
469 6938 1305 6985 erber des britischen Weltreichs, die
1351 5021 2187 5070 USA, auf dem besten Wege sind, die
1349 5068 2186 5117 Engländer auch auf dem Flottengebiet
1349 5119 2189 5164 zu überflügeln. Aus einer Erklärung
1348 5165 2189 5211 des USA-Marineministers Knox vom
1350 5211 2185 5257 Donnerstag muß man schließen, daß
1351 5259 2188 5304 die USA-Kriegsflotte an Tonnage die
1350 5307 2182 5354 englische bereits überflügelt hat. Knox
1352 5352 2187 5400 erklärte: „Wir leben in einem weltum-
1352 5398 2187 5446 fassenden Krieg, einem Krieg der sie-
1349 5443 2188 5490 ben Weltmeere. Die größte Verant-
1353 5491 2188 5537 wortung liegt auf den Schultern der
1352 5537 2188 5584 USA, die selbst die größte Flotte be-
1350 5584 2188 5629 sitzen.“ Bei der Handelsflotte wird die
1353 5629 2184 5678 gleiche Deklassierung Englands noch
1352 5674 2187 5722 vor Jahresende eintreten. In Washing-
1352 5722 2187 5768 ton erklärte der Ausschuß für den
1352 5771 2184 5816 Schiffseinsatz, daß noch vor Jahres-
1348 5816 2180 5861 ende die USA-Handelsflotte größer sein
1346 5862 2183 5910 wird als die Großbritanniens. Damit
1349 5911 2186 5955 wird zum ersten Male in der Ge-
1349 5956 2184 6000 schichte England von den USA mit der
1350 6003 2182 6048 Handelstonnageziffer geschlagen wer-
1352 6051 2187 6093 den, worin in der amtlichen USA-Ver-
1348 6097 2183 6140 lautbarung ausdrücklich aufmerksam
1352 6143 2192 6188 gemacht wird. Da gleichzeitig ein ähn-
1350 6190 2183 6232 licher Vorgang sich auf dem Gebiet
1351 6234 2188 6280 der Luftfahrt abspielt, werden die
1348 6283 2183 6326 Engländer in ihrer ureigensten Do-
1352 6328 2189 6374 mäne, dem Verkehr, von den Ameri-
1349 6374 2187 6416 kanern an die Wand gedrückt. Eden
1351 6422 2185 6463 hat bezeichnenderweise gegenüber
1349 6468 2183 6510 Pressevertretern in Ottowa, der kana-
1348 6512 2190 6557 dischen Hauptstadt, die Fragen, die mit
1351 6560 2186 6603 der Nachkriegsluftfahrt zusammenhän-
1351 6608 2186 6650 gen, „heikel und konfus“ genannt. Er
1351 6654 2184 6695 ziehe es vor, diese Angelegenheit zur
1350 6701 1836 6740 Zeit nicht zu erörtern.
1391 6745 2185 6789 Was immer man in London auch
1347 6791 2189 6835 tut, der unangenehmen Debatte auf
1351 6840 2187 6882 dem Verkehrsgebiet auszuweichen,
1347 6885 2191 6929 die vom OKW veröffentlichten Ziffern
1353 6932 2192 6976 sprechen eine so deutliche Sprache.
2238 5010 3078 5059 daß das Tonnageproblem in der Presse
2234 5057 3076 5104 aller Zeitungen der Welt immer mehr
2235 5103 3076 5148 Platz einnimmt. Die „Washington
2237 5152 3079 5197 Post“ hat am Donnerstag die mög-
2237 5198 3080 5243 lichen Auswirkungen unserer U-Boot-
2234 5241 3077 5290 Erfolge auf die Gesamtstrategie des
2232 5290 3076 5336 Krieges in diesem Jahr angedeutet.
2232 5336 3075 5379 Es sei zu fürchten, daß, wenn die
2233 5383 3073 5427 Verlustzahlen weiterhin die gleiche
2235 5429 3075 5474 Höhe behalten würden, die Achsen-
2233 5473 3079 5522 gegner dann nach einigen Monaten
2234 5518 3072 5569 unter Umständen gezwungen sein
2233 5568 3071 5614 könnten, eine Abänderung ihrer Pläne
2237 5612 3072 5658 für das Jahr 1943 oder mindestens der
2234 5658 3075 5705 Pläne, die bereits feste Form anneh-
2236 5707 3074 5752 men, vorzunehmen. Bis auf weiteres
2237 5750 3074 5799 werde es nicht möglich sein, die Tä-
2236 5798 3075 5844 tigkeit der U-Boote wirksam zu be-
2234 5845 3074 5894 kämpfen, fügt die „Washington Post“
2235 5897 2698 5937 melancholisch hinzu.
2277 5940 3078 5982 Das Blatt ist zu dieser Schlußfolge-
2231 5985 3073 6033 rung auf Grund unseres Rekorderfol-
2235 6032 3073 6079 ges im März gekommen. Die am Don-
2233 6076 3076 6124 nerstag bekanntgegebene Abschluß-
2235 6124 3076 6171 ziffer des vergangenen Monats zeigt
2227 6171 3070 6216 sehr eindrucksvoll die aufsteigende
2234 6216 3071 6262 Linie des Erfolges, den wir im Ton-
2232 6265 3069 6307 nagekrieg erzielen. Alle deutschen
2236 6310 2930 6354 Waffen zusammen vernichteten
2273 6355 3075 6401 im März 1940: 195 000 BRT (davon
2231 6407 2814 6447 die U-Boote 120 000 BRT);
2278 6447 3071 6493 im März 1941: 418 000 BRT (davon
2230 6497 2808 6541 die U-Boote 325 000 BRT);
2273 6540 3068 6587 im März 1942: 646 900 BRT (davon
2231 6593 2815 6634 die U-Boote 585 900 BRT).
2276 6635 3068 6679 Im März 1943 ist diese Ziffer noch
2227 6683 3073 6728 einmal ganz erheblich gestiegen und
2228 6731 3076 6778 zwar auf 926 600 BRT, wovon die U-
2233 6780 3071 6824 Boote den Löwenanteil, nämlich 851 600
2233 6824 3071 6872 BRT auf ihr Konto verbuchen konnten.
2236 6878 3073 6923 Ein zusammenfassender Vergleich über
2508 6924 3068 6970 Fortsetzung siehe Seite 2
3163 1040 4799 1166 Streiflichter aus Mittelamerika
3332 1173 4854 1238 In zwei Beiträgen gibt unser Mitarbeiter F. H. Schmolck Streiflichter
3299 1221 4856 1286 auf die Verhältnisse in Mittelamerika. Der aus Freiburg stammende Ver-
3301 1264 4856 1332 fasser hat 30 Jahre dort gelebt. Als deutscher Pressevertreter ist er wäh-
3299 1313 4852 1377 rend des Krieges von dort ausgewiesen worden und hat sich auf einem
3300 1364 4611 1422 Luftweg von über 22 000 km in die Heimat durchgeschlagen.
3196 1436 3886 1485 I. Das Land und die Deutschen
3160 1493 3964 1541 Als man mich bei meiner Abreise
3122 1539 3960 1588 1941 in Guatemala fragte, was Deutsch-
3122 1583 3962 1634 land wohl tun würde, wenn etwa die
3120 1629 3966 1683 mittelamerikanischen Republiken ihm
3124 1680 3961 1730 den Krieg erklären würden, antwortete
3126 1724 3964 1775 ich, man würde sie zunächst in
3122 1770 3959 1820 Deutschland auf der Landkarte suchen.
3164 1816 3963 1867 In der Tat hat man sich im Reich
3123 1864 3966 1914 früher wenig mit diesen Ländern be-
3122 1907 3965 1963 schäftigt. Immerhin ist Mittelamerika
3124 1955 3966 2010 an Ausdehnung fast so groß wie
3122 2001 3964 2056 das Altreich; die Bevölkerung aller-
3118 2050 3961 2103 dings der sechs mittelamerikanischen
3126 2094 3964 2151 Republiken (Guatemala, Honduras, El
3126 2142 3961 2194 Salvador, Nicaragua, Costarica und
3128 2185 3961 2239 Panama) beträgt mit acht Millionen
3124 2238 3911 2287 nur etwa ein Zehntel der deutschen.
3164 2282 3961 2334 Es ist an sich nichts Neues, daß die
3125 2327 3965 2378 mittelamerikanischen Republiken dem
3124 2374 3962 2426 Deutschen Reich den Krieg erklären:
3126 2420 3963 2474 Schon im Weltkrieg hatten sich die
3126 2466 3962 2521 meisten in der Gefolgschaft der USA
3119 2512 3960 2566 befunden. Damals wie heute konnten
3126 2559 3963 2614 sie für diese Feindschaft keinen Grund
3123 2603 3965 2657 angeben. Sie haben von Deutschland
3124 2652 3964 2703 in den 120 Jahren ihres Bestehens nur
3124 2695 3966 2751 Gutes erfahren. Angefangen damit, daß
3127 2742 3964 2797 es der deutsche Gelehrte Alexander
3125 2788 3966 2841 von Humboldt war, der als erster die
3126 2836 3960 2889 Möglichkeiten eines Kanaldurchstichs
3127 2883 3962 2934 durch die Langenge von Panama un-
3128 2930 3968 2981 tersuchte, hat sich die deutsche Ein-
3123 2977 3962 3026 wanderung, die von 1830 an einsetzte,
3124 3022 3962 3073 nur segensreich für diese Länder aus-
3128 3067 3962 3120 gewirkt. Der Bremer Konsul Rudolf
3126 3114 3964 3168 von Klee war es, der die erste Kaffee-
3128 3159 3967 3215 saat nach Guatemala einführte. Ham-
3129 3204 3966 3259 burger Kaufleute wie Laeisz, Diesel-
3128 3256 3962 3306 dorff, Hockmeyer, Rittscher waren es,
3127 3298 3960 3350 welche durch den Verkehr mit ihren
3125 3345 3965 3399 Segelschiffen, der Einrichtung von
3124 3389 3965 3444 Faktoreien und Ladengeschäften und
3129 3437 3966 3492 der Anlage von Plantagen Hamburg
3123 3482 3967 3537 und Bremen als Märkte für die Er-
3127 3529 3964 3584 zeugnisse dieser Länder öffneten. Deut-
3127 3575 3965 3630 sche wie Sarg waren es, die Maschinen
3127 3623 3966 3675 für die Aufbereitung des Kaffees er-
3126 3666 3963 3721 fanden. Deutsche Pflanzer und Kauf-
3130 3716 3963 3767 leute waren es, die dem Guatemala-
3124 3763 3967 3814 Kaffee den Ruf des besten Kaffees der
3128 3809 3968 3859 Welt verschafften. Die deutsche Tee-
3125 3856 3964 3909 pflanzung Chirrepeco war es, welche
3125 3904 3966 3957 ganz Mittelamerika von der Einfuhr
3130 3951 3969 3998 indischen und chinesischen Tees un-
3130 3994 3965 4045 abhängig machte. Eine einzige deut-
3126 4043 3965 4090 sche Cardamon-Pflanzung in Guate-
3126 4090 3963 4140 mala lieferte zeitweilig ein Drittel der
3126 4133 3963 4182 Weltproduktion dieses Gewürzes. Wir
3123 4182 3965 4230 Deutschen haben den Mittelamerika-
3125 4229 3966 4279 nern den Metallguß, die Maschinen-
3124 4277 3964 4323 weberei, das Bierbrauen, das Schwarz-
3124 4322 3961 4369 brotbacken beigebracht. Sogar den
3125 4366 3964 4416 Weihnachtsbaum als Brauch haben wir
3125 4412 3961 4462 dort eingeführt. Deutsche Musiker und
3121 4458 3967 4509 Kabellmeister haben Militärkapellen
3125 4509 3966 4555 und Musiker in Mittelamerika ausge-
3122 4553 3958 4602 bildet, Hunderte von einheimischen
3125 4600 3962 4648 Schülern haben unsere deutschen Schu-
3123 4646 3961 4693 len besucht, groß war der deutsche
3122 4692 3958 4741 Beitrag auf den Gebieten der geo-
3124 4739 3956 4789 graphischen, botanischen, zoologischen,
3122 4786 3963 4831 indianologischen, archäologischen For-
3124 4830 3961 4878 schung. Noch heute zehrt Mittel-
3120 4877 3967 4925 amerika durch die Beschäftigung jüdi-
3122 4924 3953 4970 scher Emigranten als Bakteriologen,
3123 4971 3958 5017 Ärzte, Röntgenologen, Musikdirektoren
3123 5017 3961 5063 von deutschem Geistesgut. Ohne die
3124 5061 3962 5111 deutsche Musik hätte der ganze mittel-
3120 5108 3962 5158 amerikanische Rundfunk seinen Hörern
3123 5161 3687 5205 keine Konzerte zu bieten.
3159 5201 3960 5248 Politische Interessen hat Deutschland
4008 1419 4847 1467 in Mittelamerika niemals gehabt, wohl
4014 1464 4852 1515 aber solche des Handels. Wenn auch
4012 1513 4853 1563 in der deutschen Handelsbilanz Mittel-
4012 1562 4854 1609 amerika nur einen kleinen Raum ein-
4014 1605 4859 1657 nimmt, so hat doch Deutschland diesen
4008 1654 4857 1704 Ländern etwa 40 bis 60 Prozent ihrer
4015 1699 4855 1748 Landesprodukte - vorwiegend Kaffee -
4007 1745 4853 1796 abgekauft und figuriert in ihrer Waren-
4015 1793 4855 1843 einfuhr mit etwa 30 Prozent. Man hat
4015 1840 4857 1888 berechnet, daß, da schließlich die in
4014 1883 4859 1936 jenen Ländern ansässigen Deutschen
4011 1934 4856 1982 diesen Handel aufgebaut haben, pro-
4012 1979 4852 2029 portionell jeder von ihnen jährlich
4015 2026 4854 2075 80 000 bis 100 000 Mark dieses Außen-
4016 2080 4330 2120 handels trüge.
4051 2119 4855 2168 Diesen Handel mit Deutschland zu
4014 2165 4857 2215 zerstören war seit langem das Ziel der
4013 2212 4855 2261 nordamerikanischen Politik in Mittel-
4012 2259 4855 2307 amerika. Nachdem es im Weltkrieg
4009 2305 4856 2354 nicht erreicht worden war, wird es
4015 2353 4857 2401 nun zum zweiten Male noch radikaler
4012 2399 4857 2447 versucht, wozu alle Mittel des Pan-
4012 2443 4860 2493 amerikanismus und des wirtschaft-
4012 2491 4856 2540 lichen und diplomatischen Drucks an-
4013 2538 4857 2587 gewandt werden. Die eigentlich wirt-
4015 2582 4858 2629 schaftlichen Interessen der USA be-
4014 2629 4860 2678 standen bisher in Mittelamerika haupt-
4014 2677 4862 2726 sächlich im Bananengeschäft der dort
4018 2723 4860 2770 allmächtigen United Fruit Co., In-
4013 2769 4860 2819 vestierungen in Eisenbahnen, Elektro-
4015 2816 4857 2864 stromanlagen, Motortransport- u. Reise-
4011 2863 4858 2910 verkehrsunternehmungen, dem Flug-
4010 2909 4857 2958 verkehr der Panamerican Airways, und
4011 2955 4856 3005 den Verkaufsorganisationen für Treib-
4016 3000 4858 3049 stoffe, Automobile, Eisschränke, Funk-
4013 3047 4854 3099 empfänger, Grammophone, Näh- und
4012 3095 4855 3143 Büromaschinen, sowie dem Handel mit
4015 3141 4857 3189 Schmalz, Mehl, Eisenwaren und Bau-
4010 3187 4855 3237 material. Weiter ist Mittelamerika den
4012 3233 4853 3285 USA weitgehend verschuldet durch
4015 3281 4860 3329 Staatsanleihen, Bankkredite und solche
4011 3335 4510 3376 für öffentliche Bauten.
4053 3374 4855 3422 Rechnet man hierzu noch die Ver-
4014 3419 4856 3470 schuldung an England, das ebenfalls
4011 3468 4857 3516 Regierungen Bahnbauten, Handel und
4017 3515 4855 3562 Landwirtschaft stark finanziert hat, so
4017 3560 4851 3611 ergibt sich schon aus dieser Aufzäh-
4013 3607 4854 3655 lung, daß Mittelamerika also haupt-
4013 3651 4856 3703 sächlich durch die Hilfe des Auslands
4013 3700 4857 3749 zu seiner wirtschaftlichen Blüte ge-
4012 3749 4856 3797 kommen ist. Der dadurch entstandene
4015 3794 4856 3840 latente Haß gegen „die ausländischen
4012 3841 4857 3888 Ausbeuter“ ist nun durch die pan-
4014 3887 4855 3935 amerikanische Hetze gsegen Deutsch-
4015 3935 4850 3981 land und die im Lande ansässigen
4014 3982 4849 4028 Deutschen mobil gemacht worden.
4013 4029 4852 4076 Nach der Zerschlagung des deutschen
4009 4075 4851 4119 Besitzes und Handels, und nachdem
4015 4123 4854 4168 die USA Englands Erbe auch hier an-
4014 4168 4850 4213 getreten haben werden, wird er sich
4012 4215 4855 4260 voraussichtlich dann später gegen die
4012 4262 4849 4305 Angloamerikaner, die USA und die in
4012 4306 4850 4353 Massen ins Land strömenden Juden
4012 4359 4185 4400 richten.
4050 4400 4852 4446 Die Bevölkerung Mittelamerikas ist
4009 4447 4847 4492 zum großen Teil nicht ausgesprochen
4011 4492 4849 4537 deutschfeindlich und die mit etwa 60
4013 4539 4853 4585 bis 65 Prozent überwiegenden Indianer
4010 4588 4849 4631 sind völlig apolitisch. Die Politik wird
4010 4631 4852 4677 fast ausschließlich von den diktatorisch
4008 4681 4848 4722 schaltenden Regierungen gemacht, die
4009 4728 4851 4772 sich auf die etwa zu 30 Prozent mesti-
4009 4772 4850 4816 zische und 10 Proz. weiße Oberschicht
4010 4819 4853 4863 der Beamtenschaft, Intellektuellen und
4010 4866 4851 4910 Kapitalisten stützen. Von den so hoch
4010 4911 4849 4959 gepriesenen demokratischen Idealen ist
4008 4958 4850 5004 wenig in der Praxis zu spüren. Die
4009 5007 4852 5048 Parlamente sind durch Regierungs-
4009 5053 4849 5096 mehrheiten beherrscht und ratifizieren
4008 5101 4851 5143 über den Weg gefügiger Ausschüsse
4011 5147 4844 5191 die von den Regierungen gegebenen
4013 5192 4850 5236 Gesetze und vorgeschlagenen Ve fas-
3121 5323 4846 5427 Brennende Flugzeuge am nächtlichen Himmel
3508 5428 4403 5482 Eine Nacht bei der Flak am Atlantik
3557 5496 3955 5540 DNB PK, 1. April
3161 5552 3957 5600 Alarm tönt die schrille Glocke an
3121 5600 3953 5647 dem Gefechtsstand der Batterie. In die
3122 5648 3957 5694 festgefügten Bunker ist Leben gekom-
3119 5693 3954 5740 men. Die Flakartilleristen flitzen die
3121 5738 3954 5785 kleine Stiege hinauf. Im Laufschritt
3122 5786 3952 5832 geht es durch die Dunkelheit des
3116 5833 3954 5878 Abends zu den Geschützen, hier sitzt
3116 5885 3381 5927 jeder Griff.
3154 5928 3952 5974 Wenige Minuten später hört man das
3116 5975 3953 6017 Brummen der schweren viermotorigen
3117 6020 3949 6064 Bomber. Sie sind im direkten Anflug
3116 6064 3952 6109 auf das auch von dieser Flakeinheit
3116 6117 3508 6158 geschützte Gebiet.
3148 6168 3951 6214 Ein heller Feuerschein blitzt auf, Se-
3116 6218 3952 6261 kunden später hört man dumpf das
3116 6261 3953 6309 Krachen der schweren Granaten. Der
3117 6311 3952 6354 anfliegende feindliche Verband ist ge-
3113 6357 3949 6398 stellt und gefaßt. Nun schießt es rings-
3115 6401 3948 6443 herum aus allen Rohren der schwer-
3115 6447 3954 6491 kalibrigen Geschütze. Nur die kleine-
3116 6493 3951 6538 ren Einheiten schweigen noch, für sie
3116 6540 3948 6581 ist die Stunde des Eingreifens noch
3114 6586 3950 6628 nicht gekommen. Die ersten Bomben
3110 6632 3949 6677 fallen, krachend detonieren sie in der
3113 6679 3950 6722 Umgebung. Reißen Trichter auf den
3111 6726 3946 6767 Feldern und Straßen und reißen Häu-
3113 6772 3819 6813 ser der Franzosen auseinander.
3150 6825 3947 6868 Eisern und ruhig führen die Männer
3115 6875 3941 6916 an den Geschützen ihre Befehle aus.
3109 6922 3939 6961 Das Lärmen und Krachen ringsum
4003 5482 4842 5529 stört sie nicht im geringsten. Flar wer-
4007 5529 4842 5574 den die Werte errechnet, werden wei-
4006 5576 4839 5621 tergegeben. Und so kann auch in die-
4007 5621 4842 5666 ser Nacht der Erfolg nicht ausbleiben.
4001 5670 4840 5714 Da hat eine Granate einen viermotori-
4001 5715 4841 5761 gen Bomber voll getroffen. Wie eine
4003 5762 4839 5805 Feuerlohe steht er am Himmel, neigt
4003 5811 4837 5850 sich dann und saust der Erde ent-
4001 5855 4841 5899 gegen. Nicht weit von der Feuerstel-
4002 5903 4841 5946 lung entfernt gibt es einen gsewaltigen
4002 5951 4138 5990 Krach
4041 5995 4835 6037 Wenige Minuten später zeichnet ein
4003 6042 4839 6082 weiterer Bomber weithin sichtbar,
4003 6086 4840 6129 zwei Motore brennen lichterloh. Rasch
4003 6135 4842 6174 verliert der Viermotorige die Höhe.
4002 6180 4837 6222 Weite Kreise um die Stadt ziehend,
4003 6224 4578 6269 neigt er sich der Erde zu.
4040 6273 4837 6312 Noch zwei weitere der angreifenden
4003 6317 4842 6357 feindlichen Bomber sind in das mör-
4000 6363 4838 6406 derische Abwehrfeuer der Flakeinhei-
3999 6413 4838 6454 ten geraten; einen von ihnen, der einen
4001 6457 4836 6500 Flak-Volltreffer erhalten hatte, zerriß
3999 6505 4832 6545 es in der Luft, so daß man am kom-
3999 6551 4835 6590 menden Tage nur noch Bruchteile des
4002 6597 4838 6639 einst so stolzen Viermotorigen in der
4001 6643 4357 6681 Umgebung fand.
4035 6689 4834 6731 Mit vier von den 18 im Wehrmachts-
3998 6734 4836 6779 bericht genannten Abschüssen bei
3995 6780 4827 6822 feindlichen Einflügen in die besetzten
3995 6826 4827 6871 Westgebiete konnte diese Flakeinheit
3997 6872 4827 6919 einen weiteren stolzen Erfolg buchen.
3990 6918 4827 6967 Kriegsberichter Oskar Peter Brandt
